@inproceedings{salakhutdinov2003optimization,
  title={Optimization with EM and expectation-conjugate-gradient},
  author={Salakhutdinov, Ruslan and Roweis, Sam T and Ghahramani, Zoubin},
  booktitle={Proceedings of the 20th International Conference on Machine Learning (ICML-03)},
  pages={672--679},
  year={2003}
}


@article{dahlin2015particle,
  title={Particle Metropolis--Hastings using gradient and Hessian information},
  author={Dahlin, Johan and Lindsten, Fredrik and Sch{\"o}n, Thomas B},
  journal={Statistics and computing},
  volume={25},
  number={1},
  pages={81--92},
  year={2015},
  publisher={Springer}
}

@inproceedings{wang2018variational,
  title={Variational Inference with Tail-adaptive f-Divergence},
  author={Wang, Dilin and Liu, Hao and Liu, Qiang},
  booktitle={Advances in Neural Information Processing Systems},
  pages={5741--5751},
  year={2018}
}

@article{lindsten2014particle,
  title={Particle Gibbs with ancestor sampling},
  author={Lindsten, Fredrik and Jordan, Michael I and Sch{\"o}n, Thomas B},
  journal={The Journal of Machine Learning Research},
  volume={15},
  number={1},
  pages={2145--2184},
  year={2014},
  publisher={JMLR. org}
}

@article{andrieu2010particle,
  title={Particle markov chain monte carlo methods},
  author={Andrieu, Christophe and Doucet, Arnaud and Holenstein, Roman},
  journal={Journal of the Royal Statistical Society: Series B (Statistical Methodology)},
  volume={72},
  number={3},
  pages={269--342},
  year={2010},
  publisher={Wiley Online Library}
}

@article{li2015toward,
  title={Toward minimax off-policy value estimation},
  author={Li, Lihong and Munos, R{\'e}mi and Szepesv{\'a}ri, Csaba},
  year={2015}
}

@article{chiappa2017recurrent,
  title={Recurrent environment simulators},
  author={Chiappa, Silvia and Racaniere, S{\'e}bastien and Wierstra, Daan and Mohamed, Shakir},
  journal={arXiv preprint arXiv:1704.02254},
  year={2017}
}

@article{gruslys2017reactor,
  title={The Reactor: A sample-efficient actor-critic architecture},
  author={Gruslys, Audrunas and Azar, Mohammad Gheshlaghi and Bellemare, Marc G and Munos, Remi},
  journal={arXiv preprint arXiv:1704.04651},
  year={2017}
}

@inproceedings{munos2016safe,
  title={Safe and efficient off-policy reinforcement learning},
  author={Munos, R{\'e}mi and Stepleton, Tom and Harutyunyan, Anna and Bellemare, Marc},
  booktitle={Advances in Neural Information Processing Systems},
  pages={1054--1062},
  year={2016}
}

@article{wang2016sample,
  title={Sample efficient actor-critic with experience replay},
  author={Wang, Ziyu and Bapst, Victor and Heess, Nicolas and Mnih, Volodymyr and Munos, Remi and Kavukcuoglu, Koray and de Freitas, Nando},
  journal={arXiv preprint arXiv:1611.01224},
  year={2016}
}

@article{espeholt2018impala,
  title={IMPALA: Scalable Distributed Deep-RL with Importance Weighted Actor-Learner Architectures},
  author={Espeholt, Lasse and Soyer, Hubert and Munos, Remi and Simonyan, Karen and Mnih, Volodymir and Ward, Tom and Doron, Yotam and Firoiu, Vlad and Harley, Tim and Dunning, Iain and others},
  journal={arXiv preprint arXiv:1802.01561},
  year={2018}
}

@inproceedings{oh2015action,
  title={Action-conditional video prediction using deep networks in atari games},
  author={Oh, Junhyuk and Guo, Xiaoxiao and Lee, Honglak and Lewis, Richard L and Singh, Satinder},
  booktitle={Advances in Neural Information Processing Systems},
  pages={2863--2871},
  year={2015}
}

@article{huang2017enhanced,
  title={Enhanced experience replay generation for efficient reinforcement learning},
  author={Huang, Vincent and Ley, Tobias and Vlachou-Konchylaki, Martha and Hu, Wenfeng},
  journal={arXiv preprint arXiv:1705.08245},
  year={2017}
}

@article{wang2015dueling,
  title={Dueling network architectures for deep reinforcement learning},
  author={Wang, Ziyu and Schaul, Tom and Hessel, Matteo and Van Hasselt, Hado and Lanctot, Marc and De Freitas, Nando},
  journal={arXiv preprint arXiv:1511.06581},
  year={2015}
}

@inproceedings{van2016deep,
  title={Deep Reinforcement Learning with Double Q-Learning.},
  author={Van Hasselt, Hado and Guez, Arthur and Silver, David},
  booktitle={AAAI},
  volume={16},
  pages={2094--2100},
  year={2016}
}

@article{kingma2014adam,
  title={Adam: A method for stochastic optimization},
  author={Kingma, Diederik P and Ba, Jimmy},
  journal={arXiv preprint arXiv:1412.6980},
  year={2014}
}

@inproceedings{schulman2015trust,
  title={Trust region policy optimization},
  author={Schulman, John and Levine, Sergey and Abbeel, Pieter and Jordan, Michael and Moritz, Philipp},
  booktitle={International Conference on Machine Learning},
  pages={1889--1897},
  year={2015}
}

@article{mnih2013playing,
  title={Playing atari with deep reinforcement learning},
  author={Mnih, Volodymyr and Kavukcuoglu, Koray and Silver, David and Graves, Alex and Antonoglou, Ioannis and Wierstra, Daan and Riedmiller, Martin},
  journal={arXiv preprint arXiv:1312.5602},
  year={2013}
}

@article{ha2018world,
  author    = {David Ha and
               J{\"{u}}rgen Schmidhuber},
  title     = {World Models},
  journal   = {CoRR},
  volume    = {abs/1803.10122},
  year      = {2018},
  url       = {http://arxiv.org/abs/1803.10122},
  archivePrefix = {arXiv},
  eprint    = {1803.10122},
  timestamp = {Wed, 11 Apr 2018 17:54:17 +0200},
  biburl    = {https://dblp.org/rec/bib/journals/corr/abs-1803-10122},
  bibsource = {dblp computer science bibliography, https://dblp.org}
}

@article{bellemare2013arcade,
  title={The arcade learning environment: An evaluation platform for general agents},
  author={Bellemare, Marc G and Naddaf, Yavar and Veness, Joel and Bowling, Michael},
  journal={Journal of Artificial Intelligence Research},
  volume={47},
  pages={253--279},
  year={2013}
}

@article{bahdanau2016actor,
  title={An actor-critic algorithm for sequence prediction},
  author={Bahdanau, Dzmitry and Brakel, Philemon and Xu, Kelvin and Goyal, Anirudh and Lowe, Ryan and Pineau, Joelle and Courville, Aaron and Bengio, Yoshua},
  journal={arXiv preprint arXiv:1607.07086},
  year={2016}
}

@inproceedings{oh2017value,
  title={Value prediction network},
  author={Oh, Junhyuk and Singh, Satinder and Lee, Honglak},
  booktitle={Advances in Neural Information Processing Systems},
  pages={6120--6130},
  year={2017}
}

@article{haarnoja2018soft,
  title={Soft Actor-Critic: Off-Policy Maximum Entropy Deep Reinforcement Learning with a Stochastic Actor},
  author={Haarnoja, Tuomas and Zhou, Aurick and Abbeel, Pieter and Levine, Sergey},
  journal={arXiv preprint arXiv:1801.01290},
  year={2018}
}

@article{sutton1999between,
  title={Between MDPs and semi-MDPs: A framework for temporal abstraction in reinforcement learning},
  author={Sutton, Richard S and Precup, Doina and Singh, Satinder},
  journal={Artificial intelligence},
  volume={112},
  number={1-2},
  pages={181--211},
  year={1999},
  publisher={Elsevier}
}

@article{gregor2018temporal,
  title={Temporal Difference Variational Auto-Encoder},
  author={Gregor, Karol and Besse, Frederic},
  journal={arXiv preprint arXiv:1806.03107},
  year={2018}
}

@article{burda2015importance,
  title={Importance weighted autoencoders},
  author={Burda, Yuri and Grosse, Roger and Salakhutdinov, Ruslan},
  journal={arXiv preprint arXiv:1509.00519},
  year={2015}
}

@article{guez2018learning,
  title={Learning to search with MCTSnets},
  author={Guez, Arthur and Weber, Th{\'e}ophane and Antonoglou, Ioannis and Simonyan, Karen and Vinyals, Oriol and Wierstra, Daan and Munos, R{\'e}mi and Silver, David},
  journal={arXiv preprint arXiv:1802.04697},
  year={2018}
}

@article{li2018disentangled,
  author    = {Yingzhen Li and
               Stephan Mandt},
  title     = {A Deep Generative Model for Disentangled Representations of Sequential
               Data},
  journal   = {CoRR},
  volume    = {abs/1803.02991},
  year      = {2018},
  url       = {http://arxiv.org/abs/1803.02991},
  archivePrefix = {arXiv},
  eprint    = {1803.02991},
  timestamp = {Tue, 10 Apr 2018 20:50:05 +0200},
  biburl    = {https://dblp.org/rec/bib/journals/corr/abs-1803-02991},
  bibsource = {dblp computer science bibliography, https://dblp.org}
}

@article{carpenter1999improved,
  title={Improved particle filter for nonlinear problems},
  author={Carpenter, James and Clifford, Peter and Fearnhead, Paul},
  journal={IEE Proceedings-Radar, Sonar and Navigation},
  volume={146},
  number={1},
  pages={2--7},
  year={1999},
  publisher={IET}
}

@article{weber2017imagination,
  title={Imagination-augmented agents for deep reinforcement learning},
  author={Weber, Th{\'e}ophane and Racani{\`e}re, S{\'e}bastien and Reichert, David P and Buesing, Lars and Guez, Arthur and Rezende, Danilo Jimenez and Badia, Adria Puigdom{\`e}nech and Vinyals, Oriol and Heess, Nicolas and Li, Yujia and others},
  journal={arXiv preprint arXiv:1707.06203},
  year={2017}
}

@article{buesing2018learning,
  author    = {Lars Buesing and
               Theophane Weber and
               S{\'{e}}bastien Racani{\`{e}}re and
               S. M. Ali Eslami and
               Danilo Jimenez Rezende and
               David P. Reichert and
               Fabio Viola and
               Frederic Besse and
               Karol Gregor and
               Demis Hassabis and
               Daan Wierstra},
  title     = {Learning and Querying Fast Generative Models for Reinforcement Learning},
  journal   = {CoRR},
  volume    = {abs/1802.03006},
  year      = {2018},
  url       = {http://arxiv.org/abs/1802.03006},
  archivePrefix = {arXiv},
  eprint    = {1802.03006},
  timestamp = {Thu, 01 Mar 2018 15:00:45 +0100},
  biburl    = {https://dblp.org/rec/bib/journals/corr/abs-1802-03006},
  bibsource = {dblp computer science bibliography, https://dblp.org}
}

@article{jang2016categorical,
  title={Categorical reparameterization with gumbel-softmax},
  author={Jang, Eric and Gu, Shixiang and Poole, Ben},
  journal={arXiv preprint arXiv:1611.01144},
  year={2016}
}

@article{maddison2016concrete,
  title={The concrete distribution: A continuous relaxation of discrete random variables},
  author={Maddison, Chris J and Mnih, Andriy and Teh, Yee Whye},
  journal={arXiv preprint arXiv:1611.00712},
  year={2016}
}

@article{vodopivec2017monte,
  title={On Monte Carlo tree search and reinforcement learning},
  author={Vodopivec, Tom and Samothrakis, Spyridon and Ster, Branko},
  journal={Journal of Artificial Intelligence Research},
  volume={60},
  pages={881--936},
  year={2017}
}

@article{henaff2017model,
  title={Model-Based Planning with Discrete and Continuous Actions},
  author={Henaff, Mikael and Whitney, William F and LeCun, Yann},
  journal={arXiv preprint arXiv:1705.07177},
  year={2017}
}

@inproceedings{tucker2017rebar,
  title={Rebar: Low-variance, unbiased gradient estimates for discrete latent variable models},
  author={Tucker, George and Mnih, Andriy and Maddison, Chris J and Lawson, John and Sohl-Dickstein, Jascha},
  booktitle={Advances in Neural Information Processing Systems},
  pages={2627--2636},
  year={2017}
}

@article{grathwohl2017backpropagation,
  title={Backpropagation through the void: Optimizing control variates for black-box gradient estimation},
  author={Grathwohl, Will and Choi, Dami and Wu, Yuhuai and Roeder, Geoff and Duvenaud, David},
  journal={arXiv preprint arXiv:1711.00123},
  year={2017}
}

@inproceedings{mahmood2013representation,
  title={Representation Search through Generate and Test.},
  author={Mahmood, Ashique Rupam and Sutton, Richard S},
  booktitle={AAAI Workshop: Learning Rich Representations from Low-Level Sensors},
  year={2013}
}

@article{botvinick2012planning,
  title={Planning as inference},
  author={Botvinick, Matthew and Toussaint, Marc},
  journal={Trends in cognitive sciences},
  volume={16},
  number={10},
  pages={485--488},
  year={2012},
  publisher={Elsevier}
}

@article{silver2017mastering,
  title={Mastering the game of Go without human knowledge},
  author={Silver, David and Schrittwieser, Julian and Simonyan, Karen and Antonoglou, Ioannis and Huang, Aja and Guez, Arthur and Hubert, Thomas and Baker, Lucas and Lai, Matthew and Bolton, Adrian and others},
  journal={Nature},
  volume={550},
  number={7676},
  pages={354},
  year={2017},
  publisher={Nature Publishing Group}
}

@inproceedings{gu2015neural,
  title={Neural adaptive sequential monte carlo},
  author={Gu, Shixiang and Ghahramani, Zoubin and Turner, Richard E},
  booktitle={Advances in Neural Information Processing Systems},
  pages={2629--2637},
  year={2015}
}

@inproceedings{coulom2006efficient,
  title={Efficient selectivity and backup operators in Monte-Carlo tree search},
  author={Coulom, R{\'e}mi},
  booktitle={International conference on computers and games},
  pages={72--83},
  year={2006},
  organization={Springer}
}

@article{browne2012survey,
  title={A survey of monte carlo tree search methods},
  author={Browne, Cameron B and Powley, Edward and Whitehouse, Daniel and Lucas, Simon M and Cowling, Peter I and Rohlfshagen, Philipp and Tavener, Stephen and Perez, Diego and Samothrakis, Spyridon and Colton, Simon},
  journal={IEEE Transactions on Computational Intelligence and AI in games},
  volume={4},
  number={1},
  pages={1--43},
  year={2012},
  publisher={IEEE}
}


@article{watkins1992q,
  title={Q-learning},
  author={Watkins, Christopher JCH and Dayan, Peter},
  journal={Machine learning},
  volume={8},
  number={3-4},
  pages={279--292},
  year={1992},
  publisher={Springer}
}


@inproceedings{kocsis2006bandit,
  title={Bandit based monte-carlo planning},
  author={Kocsis, Levente and Szepesv{\'a}ri, Csaba},
  booktitle={European conference on machine learning},
  pages={282--293},
  year={2006},
  organization={Springer}
}

@article{levine2018reinforcement,
  title={Reinforcement Learning and Control as Probabilistic Inference: Tutorial and Review},
  author={Levine, Sergey},
  journal={arXiv preprint arXiv:1805.00909},
  year={2018}
}

@article{hostetler2017sample,
  title={Sample-based tree search with fixed and adaptive state abstractions},
  author={Hostetler, Jesse and Fern, Alan and Dietterich, Thomas},
  journal={Journal of Artificial Intelligence Research},
  volume={60},
  pages={717--777},
  year={2017}
}

@article{kearns2002sparse,
  title={A sparse sampling algorithm for near-optimal planning in large Markov decision processes},
  author={Kearns, Michael and Mansour, Yishay and Ng, Andrew Y},
  journal={Machine learning},
  volume={49},
  number={2-3},
  pages={193--208},
  year={2002},
  publisher={Springer}
}

@inproceedings{finn2017deep,
  title={Deep visual foresight for planning robot motion},
  author={Finn, Chelsea and Levine, Sergey},
  booktitle={Robotics and Automation (ICRA), 2017 IEEE International Conference on},
  pages={2786--2793},
  year={2017},
  organization={IEEE}
}

@article{kappen2012optimal,
  title={Optimal control as a graphical model inference problem},
  author={Kappen, Hilbert J and G{\'o}mez, Vicen{\c{c}} and Opper, Manfred},
  journal={Machine learning},
  volume={87},
  number={2},
  pages={159--182},
  year={2012},
  publisher={Springer}
}


@article{banino2018vector,
  title={Vector-based navigation using grid-like representations in artificial agents},
  author={Banino, Andrea and Barry, Caswell and Uria, Benigno and Blundell, Charles and Lillicrap, Timothy and Mirowski, Piotr and Pritzel, Alexander and Chadwick, Martin J and Degris, Thomas and Modayil, Joseph and others},
  journal={Nature},
  volume={557},
  number={7705},
  pages={429--433},
  year={2018},
  publisher={Nature Publishing Group UK London}
}


@article{mei2022role,
  title={The Role of Baselines in Policy Gradient Optimization},
  author={Mei, Jincheng and Chung, Wesley and Thomas, Valentin and Dai, Bo and Szepesvari, Csaba and Schuurmans, Dale},
  journal={Advances in Neural Information Processing Systems},
  volume={35},
  pages={17818--17830},
  year={2022}
}


@article{levine2018learning,
  title={Learning hand-eye coordination for robotic grasping with deep learning and large-scale data collection},
  author={Levine, Sergey and Pastor, Peter and Krizhevsky, Alex and Ibarz, Julian and Quillen, Deirdre},
  journal={The International journal of robotics research},
  volume={37},
  number={4-5},
  pages={421--436},
  year={2018},
  publisher={SAGE Publications Sage UK: London, England}
}


@article{bellman1959adaptive,
  title={On adaptive control processes},
  author={Bellman, Richard and Kalaba, Robert},
  journal={IRE Transactions on Automatic Control},
  volume={4},
  number={2},
  pages={1--9},
  year={1959},
  publisher={IEEE}
}

@article{tesauro1994td,
  title={TD-Gammon, a self-teaching backgammon program, achieves master-level play},
  author={Tesauro, Gerald},
  journal={Neural computation},
  volume={6},
  number={2},
  pages={215--219},
  year={1994},
  publisher={MIT Press One Rogers Street, Cambridge, MA 02142-1209, USA journals-info~…}
}


@article{schultz1997neural,
  title={A neural substrate of prediction and reward},
  author={Schultz, Wolfram and Dayan, Peter and Montague, P Read},
  journal={Science},
  volume={275},
  number={5306},
  pages={1593--1599},
  year={1997},
  publisher={American Association for the Advancement of Science}
}

@article{sutton1981toward,
  title={Toward a modern theory of adaptive networks: expectation and prediction.},
  author={Sutton, Richard S and Barto, Andrew G},
  journal={Psychological review},
  volume={88},
  number={2},
  pages={135},
  year={1981},
  publisher={American Psychological Association}
}


@inproceedings{rawlik2012stochastic,
  title={On stochastic optimal control and reinforcement learning by approximate inference},
  author={Rawlik, Konrad and Toussaint, Marc and Vijayakumar, Sethu},
  booktitle={Robotics: science and systems},
  volume={13},
  number={2},
  pages={3052--3056},
  year={2012}
}

@book{sutton1998reinforcement,
  title={Reinforcement learning: An introduction},
  author={Sutton, Richard S and Barto, Andrew G and others},
  year={1998},
  publisher={MIT press}
}

@article{szita2006learning,
  title={Learning Tetris using the noisy cross-entropy method},
  author={Szita, Istv{\'a}n and L{\"o}rincz, Andr{\'a}s},
  journal={Neural computation},
  volume={18},
  number={12},
  pages={2936--2941},
  year={2006},
  publisher={MIT Press}
}

@article{chua2018deep,
  title={Deep Reinforcement Learning in a Handful of Trials using Probabilistic Dynamics Models},
  author={Chua, Kurtland and Calandra, Roberto and McAllister, Rowan and Levine, Sergey},
  journal={arXiv preprint arXiv:1805.12114},
  year={2018}
}

@article{chatzilygeroudis2018survey,
  title={A survey on policy search algorithms for learning robot controllers in a handful of trials},
  author={Chatzilygeroudis, Konstantinos and Vassiliades, Vassilis and Stulp, Freek and Calinon, Sylvain and Mouret, Jean-Baptiste},
  journal={arXiv preprint arXiv:1807.02303},
  year={2018}
}

@misc{eli2017pyro,
  title={Pyro: Deep probabilistic programming},
  author={Eli, Bingham and Chen, Jonathan P and Jankowiak, Martin and Karaletsos, Theofanis and Obermeyer, Fritz and Pradhan, Neeraj and Singh, Rohit and Szerlip, Paul and Goodman, Noah},
  year={2017}
}

@inproceedings{lazaric2008reinforcement,
  title={Reinforcement learning in continuous action spaces through sequential monte carlo methods},
  author={Lazaric, Alessandro and Restelli, Marcello and Bonarini, Andrea},
  booktitle={Advances in neural information processing systems},
  pages={833--840},
  year={2008}
}

@article{liu1998sequential,
  title={Sequential Monte Carlo methods for dynamic systems},
  author={Liu, Jun S and Chen, Rong},
  journal={Journal of the American statistical association},
  volume={93},
  number={443},
  pages={1032--1044},
  year={1998},
  publisher={Taylor \& Francis}
}

@book{robert2013monte,
  title={Monte Carlo statistical methods},
  author={Robert, Christian and Casella, George},
  year={2013},
  publisher={Springer Science \& Business Media}
}


@article{williams1992simple,
  title={Simple statistical gradient-following algorithms for connectionist reinforcement learning},
  author={Williams, Ronald J},
  journal={Machine learning},
  volume={8},
  number={3-4},
  pages={229--256},
  year={1992},
  publisher={Springer}
}

@article{abdolmaleki2018maximum,
  title={Maximum a Posteriori Policy Optimisation},
  author={Abdolmaleki, Abbas and Springenberg, Jost Tobias and Tassa, Yuval and Munos, Remi and Heess, Nicolas and Riedmiller, Martin},
  journal={arXiv preprint arXiv:1806.06920},
  year={2018}
}

@article{precup2000eligibility,
  title={Eligibility traces for off-policy policy evaluation},
  author={Precup, Doina},
  journal={Computer Science Department Faculty Publication Series},
  pages={80},
  year={2000}
}

@article{dayan1997using,
  title={Using expectation-maximization for reinforcement learning},
  author={Dayan, Peter and Hinton, Geoffrey E},
  journal={Neural Computation},
  volume={9},
  number={2},
  pages={271--278},
  year={1997},
  publisher={MIT Press}
}

@inproceedings{todorov2008general,
  title={General duality between optimal control and estimation},
  author={Todorov, Emanuel},
  booktitle={Decision and Control, 2008. CDC 2008. 47th IEEE Conference on},
  pages={4286--4292},
  year={2008},
  organization={IEEE}
}

@inproceedings{toussaint2009robot,
  title={Robot trajectory optimization using approximate inference},
  author={Toussaint, Marc},
  booktitle={Proceedings of the 26th annual international conference on machine learning},
  pages={1049--1056},
  year={2009},
  organization={ACM}
}

@inproceedings{levine2013variational,
  title={Variational policy search via trajectory optimization},
  author={Levine, Sergey and Koltun, Vladlen},
  booktitle={Advances in Neural Information Processing Systems},
  pages={207--215},
  year={2013}
}

@article{kappen2005path,
  title={Path integrals and symmetry breaking for optimal control theory},
  author={Kappen, Hilbert J},
  journal={Journal of statistical mechanics: theory and experiment},
  volume={2005},
  number={11},
  pages={P11011},
  year={2005},
  publisher={IOP Publishing}
}

@article{theodorou2010generalized,
  title={A generalized path integral control approach to reinforcement learning},
  author={Theodorou, Evangelos and Buchli, Jonas and Schaal, Stefan},
  journal={Journal of Machine Learning Research},
  volume={11},
  number={Nov},
  pages={3137--3181},
  year={2010}
}

@inproceedings{toussaint2006probabilistic,
  title={Probabilistic inference for solving discrete and continuous state Markov Decision Processes},
  author={Toussaint, Marc and Storkey, Amos},
  booktitle={Proceedings of the 23rd international conference on Machine learning},
  pages={945--952},
  year={2006},
  organization={ACM}
}

@inproceedings{rawlik2010approximate,
  title={An approximate inference approach to temporal optimization in optimal control},
  author={Rawlik, Konrad and Toussaint, Marc and Vijayakumar, Sethu},
  booktitle={Advances in neural information processing systems},
  pages={2011--2019},
  year={2010}
}

@inproceedings{kober2009policy,
  title={Policy search for motor primitives in robotics},
  author={Kober, Jens and Peters, Jan R},
  booktitle={Advances in neural information processing systems},
  pages={849--856},
  year={2009}
}

@InProceedings{hamalainen_cpbp_2015,
  Title                    = {Online Control of Simulated Humanoids Using Particle Belief Propagation},
  Author                   = {H{\"a}m{\"a}l{\"a}inen, Perttu and Rajam{\"a}ki, Joose and Liu, C. Karen},
  Booktitle                = {Proc. {SIGGRAPH} '15},
  Year                     = {2015},
  Address                  = {New York, {NY}, {USA}},
  Publisher                = {{ACM}},
  Optseries                = {{SIGGRAPH} '15},
}

@article {Hamalainen2014sg,
author = {H{\"a}m{\"a}l{\"a}inen, Perttu and Eriksson, Sebastian and Tanskanen, Esa and Kyrki, Ville and Lehtinen, Jaakko},
title = {Online Motion Synthesis Using Sequential Monte Carlo},
optseries = {{SIGGRAPH} '14},
series = {{SIGGRAPH} '14},
booktitle = {Proc. {SIGGRAPH} 2014},
url = {http://doi.acm.org/10.1145/2601097.2601218},
doi = {10.1145/2601097.2601218},
year = {2014},
}


@inproceedings{todorov2012mujoco,
  title={Mujoco: A physics engine for model-based control},
  author={Todorov, Emanuel and Erez, Tom and Tassa, Yuval},
  booktitle={Intelligent Robots and Systems (IROS), 2012 IEEE/RSJ International Conference on},
  pages={5026--5033},
  year={2012},
  organization={IEEE}
}

@inproceedings{anthony2017thinking,
  title={Thinking fast and slow with deep learning and tree search},
  author={Anthony, Thomas and Tian, Zheng and Barber, David},
  booktitle={Advances in Neural Information Processing Systems},
  pages={5360--5370},
  year={2017}
}

@article{blundell2015weight,
  title={Weight uncertainty in neural networks},
  author={Blundell, Charles and Cornebise, Julien and Kavukcuoglu, Koray and Wierstra, Daan},
  journal={arXiv preprint arXiv:1505.05424},
  year={2015}
}

@inproceedings{gal2016dropout,
  title={Dropout as a Bayesian approximation: Representing model uncertainty in deep learning},
  author={Gal, Yarin and Ghahramani, Zoubin},
  booktitle={international conference on machine learning},
  pages={1050--1059},
  year={2016}
}

@book{sarkka2013bayesian,
  title={Bayesian filtering and smoothing},
  author={S{\"a}rkk{\"a}, Simo},
  volume={3},
  year={2013},
  publisher={Cambridge University Press}
}

@article{touati2018randomized,
  title={Randomized Value Functions via Multiplicative Normalizing Flows},
  author={Touati, Ahmed and Satija, Harsh and Romoff, Joshua and Pineau, Joelle and Vincent, Pascal},
  journal={arXiv preprint arXiv:1806.02315},
  year={2018}
}

@incollection{doucet2001introduction,
  title={An introduction to sequential Monte Carlo methods},
  author={Doucet, Arnaud and De Freitas, Nando and Gordon, Neil},
  booktitle={Sequential Monte Carlo methods in practice},
  pages={3--14},
  year={2001},
  publisher={Springer}
}

@article{arulampalam2002tutorial,
  title={A tutorial on particle filters for online nonlinear/non-Gaussian Bayesian tracking},
  author={Arulampalam, M Sanjeev and Maskell, Simon and Gordon, Neil and Clapp, Tim},
  journal={IEEE Transactions on signal processing},
  volume={50},
  number={2},
  pages={174--188},
  year={2002},
  publisher={Ieee}
}

@article{nagabandi2017neural,
  title={Neural network dynamics for model-based deep reinforcement learning with model-free fine-tuning},
  author={Nagabandi, Anusha and Kahn, Gregory and Fearing, Ronald S and Levine, Sergey},
  journal={arXiv preprint arXiv:1708.02596},
  year={2017}
}

@inproceedings{attias2003planning,
  title={Planning by probabilistic inference.},
  author={Attias, Hagai},
  booktitle={AISTATS},
  year={2003},
  organization={Citeseer}
}

@article{brockman2016openai,
  title={Openai gym},
  author={Brockman, Greg and Cheung, Vicki and Pettersson, Ludwig and Schneider, Jonas and Schulman, John and Tang, Jie and Zaremba, Wojciech},
  journal={arXiv preprint arXiv:1606.01540},
  year={2016}
}



@phdthesis{ziebart2010modeling,
  author       = {Ziebart, Brian D}, 
  title        = {Modeling purposeful adaptive behavior with the principle of maximum causal entropy},
  school       = {CMU},
  year         = 2010
}


@article{doucet2009tutorial,
  title={A tutorial on particle filtering and smoothing: Fifteen years later},
  author={Doucet, Arnaud and Johansen, Adam M},
  journal={Handbook of nonlinear filtering},
  volume={12},
  number={656-704},
  pages={3},
  year={2009}
}

@article{rubinstein2004unified,
  title={A Unified Approach to Combinatorial Optimization, Monte-Carlo Simulation, and Machine Learning},
  author={Rubinstein, RY and Kroese, DP},
  journal={Springer-Verlag New York, LLC},
  year={2004}
}


@inproceedings{nachum2017bridging,
  title={Bridging the gap between value and policy based reinforcement learning},
  author={Nachum, Ofir and Norouzi, Mohammad and Xu, Kelvin and Schuurmans, Dale},
  booktitle={Advances in Neural Information Processing Systems},
  pages={2775--2785},
  year={2017}
}

@article{schulman2017equivalence,
  title={Equivalence between policy gradients and soft q-learning},
  author={Schulman, John and Chen, Xi and Abbeel, Pieter},
  journal={arXiv preprint arXiv:1704.06440},
  year={2017}
}

@incollection{kantas2009sequential,
  title={Sequential Monte Carlo for model predictive control},
  author={Kantas, Nikolas and Maciejowski, JM and Lecchini-Visintini, A},
  booktitle={Nonlinear Model Predictive Control},
  pages={263--273},
  year={2009},
  publisher={Springer}
}

@article{o2016combining,
  title={Combining policy gradient and Q-learning},
  author={O'Donoghue, Brendan and Munos, Remi and Kavukcuoglu, Koray and Mnih, Volodymyr},
  journal={arXiv preprint arXiv:1611.01626},
  year={2016}
}

@article{agrawal1995sample,
  title={Sample mean based index policies by o (log n) regret for the multi-armed bandit problem},
  author={Agrawal, Rajeev},
  journal={Advances in Applied Probability},
  volume={27},
  number={4},
  pages={1054--1078},
  year={1995},
  publisher={Cambridge University Press}
}


@inproceedings{bellemare2016unifying,
  title={Unifying count-based exploration and intrinsic motivation},
  author={Bellemare, Marc and Srinivasan, Sriram and Ostrovski, Georg and Schaul, Tom and Saxton, David and Munos, Remi},
  booktitle={Advances in Neural Information Processing Systems},
  pages={1471--1479},
  year={2016}
}

@inproceedings{todorov2005generalized,
  title={A generalized iterative LQG method for locally-optimal feedback control of constrained nonlinear stochastic systems},
  author={Todorov, Emanuel and Li, Weiwei},
  booktitle={American Control Conference, 2005. Proceedings of the 2005},
  pages={300--306},
  year={2005},
  organization={IEEE}
}

@article{del1996non,
  title={Non-linear filtering: interacting particle resolution},
  author={Del Moral, Pierre},
  journal={Markov processes and related fields},
  volume={2},
  number={4},
  pages={555--581},
  year={1996},
  publisher={Citeseer}
}

@misc{pong2018,
  author = {Vitchyr Pong},
  title = {rlkit},
  year = {2018},
  publisher = {GitHub},
  journal = {GitHub repository},
  howpublished = {\url{https://github.com/vitchyr/rlkit/}}
}

@inproceedings{maddison2017filtering,
  title={Filtering variational objectives},
  author={Maddison, Chris J and Lawson, John and Tucker, George and Heess, Nicolas and Norouzi, Mohammad and Mnih, Andriy and Doucet, Arnaud and Teh, Yee},
  booktitle={Advances in Neural Information Processing Systems},
  pages={6573--6583},
  year={2017}
}

@article{naesseth2017variational,
  title={Variational Sequential Monte Carlo},
  author={Naesseth, Christian A and Linderman, Scott W and Ranganath, Rajesh and Blei, David M},
  journal={arXiv preprint arXiv:1705.11140},
  year={2017}
}

@article{le2017auto,
  title={Auto-Encoding Sequential Monte Carlo},
  author={Le, Tuan Anh and Igl, Maximilian and Rainforth, Tom and Jin, Tom and Wood, Frank},
  journal={arXiv preprint arXiv:1705.10306},
  year={2017}
}

@article{andrieu2004particle,
  title={Particle methods for change detection, system identification, and control},
  author={Andrieu, Christophe and Doucet, Arnaud and Singh, Sumeetpal S and Tadic, Vladislav B},
  journal={Proceedings of the IEEE},
  volume={92},
  number={3},
  pages={423--438},
  year={2004},
  publisher={IEEE}
}

@inproceedings{gordon1993novel,
  title={Novel approach to nonlinear/non-Gaussian Bayesian state estimation},
  author={Gordon, Neil J and Salmond, David J and Smith, Adrian FM},
  booktitle={IEE Proceedings F-radar and signal processing},
  volume={140},
  number={2},
  pages={107--113},
  year={1993},
  organization={IET}
}

@inproceedings{stewart1992use,
  title={Use of Bayesian belief networks to fuse continuous and discrete information for target recognition, tracking, and situation assessment},
  author={Stewart, Leland and McCarty, Perry},
  booktitle={Signal Processing, Sensor Fusion, and Target Recognition},
  volume={1699},
  pages={177--186},
  year={1992},
  organization={International Society for Optics and Photonics}
}

@article{kitagawa1996monte,
  title={Monte Carlo filter and smoother for non-Gaussian nonlinear state space models},
  author={Kitagawa, Genshiro},
  journal={Journal of computational and graphical statistics},
  volume={5},
  number={1},
  pages={1--25},
  year={1996},
  publisher={Taylor \& Francis Group}
}

@article{kurutach2018learning,
  title={Learning plannable representations with causal infogan},
  author={Kurutach, Thanard and Tamar, Aviv and Yang, Ge and Russell, Stuart and Abbeel, Pieter},
  journal={arXiv preprint arXiv:1807.09341},
  year={2018}
}

@article{buckman2018sample,
  title={Sample-Efficient Reinforcement Learning with Stochastic Ensemble Value Expansion},
  author={Buckman, Jacob and Hafner, Danijar and Tucker, George and Brevdo, Eugene and Lee, Honglak},
  journal={arXiv preprint arXiv:1807.01675},
  year={2018}
}



@article{solway2012goal,
  title={Goal-directed decision making as probabilistic inference: a computational framework and potential neural correlates.},
  author={Solway, Alec and Botvinick, Matthew M},
  journal={Psychological review},
  volume={119},
  number={1},
  pages={120},
  year={2012},
  publisher={American Psychological Association}
}

@inproceedings{toussaint2007probabilistic,
  title={Probabilistic inference for structured planning in robotics},
  author={Toussaint, Marc and Goerick, Christian},
  booktitle={Intelligent Robots and Systems, 2007. IROS 2007. IEEE/RSJ International Conference on},
  pages={3068--3073},
  year={2007},
  organization={IEEE}
}


@article{colas2018many,
  title={How Many Random Seeds? Statistical Power Analysis in Deep Reinforcement Learning Experiments},
  author={Colas, C{\'e}dric and Sigaud, Olivier and Oudeyer, Pierre-Yves},
  journal={arXiv preprint arXiv:1806.08295},
  year={2018}
}


@article{henderson2017deep,
  title={Deep reinforcement learning that matters},
  author={Henderson, Peter and Islam, Riashat and Bachman, Philip and Pineau, Joelle and Precup, Doina and Meger, David},
  journal={arXiv preprint arXiv:1709.06560},
  year={2017}
}



@article{lindsten2013backward,
  title={Backward simulation methods for Monte Carlo statistical inference},
  author={Lindsten, Fredrik and Sch{\"o}n, Thomas B and others},
  journal={Foundations and Trends{\textregistered} in Machine Learning},
  volume={6},
  number={1},
  pages={1--143},
  year={2013},
  publisher={Now Publishers, Inc.}
}

@inproceedings{guo2014deep,
  title={Deep learning for real-time Atari game play using offline Monte-Carlo tree search planning},
  author={Guo, Xiaoxiao and Singh, Satinder and Lee, Honglak and Lewis, Richard L and Wang, Xiaoshi},
  booktitle={Advances in neural information processing systems},
  pages={3338--3346},
  year={2014}
}

@book{kwakernaak1972linear,
  title={Linear optimal control systems},
  author={Kwakernaak, Huibert and Sivan, Raphael},
  volume={1},
  year={1972},
  publisher={Wiley-Interscience New York}
}

@inproceedings{tassa2012synthesis,
  title={Synthesis and stabilization of complex behaviors through online trajectory optimization},
  author={Tassa, Yuval and Erez, Tom and Todorov, Emanuel},
  booktitle={Intelligent Robots and Systems (IROS), 2012 IEEE/RSJ International Conference on},
  pages={4906--4913},
  year={2012},
  organization={IEEE}
}

@inproceedings{li2004iterative,
  title={Iterative linear quadratic regulator design for nonlinear biological movement systems.},
  author={Li, Weiwei and Todorov, Emanuel},
  booktitle={ICINCO (1)},
  pages={222--229},
  year={2004}
}

@inproceedings{goodfellow2014generative,
  title={Generative adversarial nets},
  author={Goodfellow, Ian and Pouget-Abadie, Jean and Mirza, Mehdi and Xu, Bing and Warde-Farley, David and Ozair, Sherjil and Courville, Aaron and Bengio, Yoshua},
  booktitle={Advances in neural information processing systems},
  pages={2672--2680},
  year={2014}
}

@inproceedings{heess2015learning,
  title={Learning continuous control policies by stochastic value gradients},
  author={Heess, Nicolas and Wayne, Gregory and Silver, David and Lillicrap, Tim and Erez, Tom and Tassa, Yuval},
  booktitle={Advances in Neural Information Processing Systems},
  pages={2944--2952},
  year={2015}
}

@article{kingma2013auto,
  title={Auto-encoding variational bayes},
  author={Kingma, Diederik P and Welling, Max},
  journal={arXiv preprint arXiv:1312.6114},
  year={2013}
}

@article{hochreiter1997long,
  title={Long short-term memory},
  author={Hochreiter, Sepp and Schmidhuber, J{\"u}rgen},
  journal={Neural computation},
  volume={9},
  number={8},
  pages={1735--1780},
  year={1997},
  publisher={MIT Press}
}

@phdthesis{richards2005robust,
  title={Robust constrained model predictive control},
  author={Richards, Arthur George},
  year={2005},
  school={Massachusetts Institute of Technology}
}


@article{bresler1986two,
  title={Two-filter formulae for discrete-time non-linear Bayesian smoothing},
  author={Bresler, Yoram},
  journal={International Journal of Control},
  volume={43},
  number={2},
  pages={629--641},
  year={1986},
  publisher={Taylor \& Francis}
}

@article{kitagawa1994two,
  title={The two-filter formula for smoothing and an implementation of the Gaussian-sum smoother},
  author={Kitagawa, Genshiro},
  journal={Annals of the Institute of Statistical Mathematics},
  volume={46},
  number={4},
  pages={605--623},
  year={1994},
  publisher={Springer}
}

@article{kalman1960contributions,
  title={Contributions to the theory of optimal control},
  author={Kalman, Rudolf Emil and others},
  journal={Bol. Soc. Mat. Mexicana},
  volume={5},
  number={2},
  pages={102--119},
  year={1960}
}

@article{kalman1964linear,
  title={When is a linear control system optimal?},
  author={Kalman, Rudolf Emil},
  journal={Journal of Basic Engineering},
  volume={86},
  number={1},
  pages={51--60},
  year={1964},
  publisher={American Society of Mechanical Engineers}
}

@article{pitt1999filtering,
  title={Filtering via simulation: Auxiliary particle filters},
  author={Pitt, Michael K and Shephard, Neil},
  journal={Journal of the American statistical association},
  volume={94},
  number={446},
  pages={590--599},
  year={1999},
  publisher={Taylor \& Francis Group}
}

@article{lee2010utility,
  title={On the utility of graphics cards to perform massively parallel simulation of advanced Monte Carlo methods},
  author={Lee, Anthony and Yau, Christopher and Giles, Michael B and Doucet, Arnaud and Holmes, Christopher C},
  journal={Journal of computational and graphical statistics},
  volume={19},
  number={4},
  pages={769--789},
  year={2010},
  publisher={Taylor \& Francis}
}

@article{andrieu2003introduction,
  title={An introduction to MCMC for machine learning},
  author={Andrieu, Christophe and De Freitas, Nando and Doucet, Arnaud and Jordan, Michael I},
  journal={Machine learning},
  volume={50},
  number={1-2},
  pages={5--43},
  year={2003},
  publisher={Springer}
}

@article{geman1984stochastic,
  title={Stochastic relaxation, Gibbs distributions, and the Bayesian restoration of images},
  author={Geman, Stuart and Geman, Donald},
  journal={IEEE Transactions on pattern analysis and machine intelligence},
  number={6},
  pages={721--741},
  year={1984},
  publisher={IEEE}
}

@article{hastings1970monte,
  title={Monte Carlo sampling methods using Markov chains and their applications},
  author={Hastings, W Keith},
  year={1970},
  publisher={Oxford University Press}
}

@article{metropolis1953equation,
  title={Equation of state calculations by fast computing machines},
  author={Metropolis, Nicholas and Rosenbluth, Arianna W and Rosenbluth, Marshall N and Teller, Augusta H and Teller, Edward},
  journal={The journal of chemical physics},
  volume={21},
  number={6},
  pages={1087--1092},
  year={1953},
  publisher={AIP}
}

@inproceedings{
piche2018probabilistic,
title={Probabilistic Planning with Sequential Monte Carlo methods},
author={Alexandre Pich\'{e} and Valentin Thomas and Cyril Ibrahim and Yoshua Bengio and Chris Pal},
booktitle={International Conference on Learning Representations},
year={2019},
url={https://openreview.net/forum?id=ByetGn0cYX}
}

@inproceedings{
grau-moya2018soft,
title={Soft Q-Learning with Mutual-Information Regularization},
author={Jordi Grau-Moya and Felix Leibfried and Peter Vrancx},
booktitle={International Conference on Learning Representations},
year={2019},
url={https://openreview.net/forum?id=HyEtjoCqFX}
}

@article{miller2018robust,
  title={Robust Bayesian inference via coarsening},
  author={Miller, Jeffrey W and Dunson, David B},
  journal={Journal of the American Statistical Association},
  number={just-accepted},
  pages={1--31},
  year={2018},
  publisher={Taylor \& Francis}
}

@article{zheng2017state,
  title={State Space LSTM Models with Particle MCMC Inference},
  author={Zheng, Xun and Zaheer, Manzil and Ahmed, Amr and Wang, Yuan and Xing, Eric P and Smola, Alexander J},
  journal={arXiv preprint arXiv:1711.11179},
  year={2017}
}

@article{amodei2016concrete,
  title={Concrete problems in AI safety},
  author={Amodei, Dario and Olah, Chris and Steinhardt, Jacob and Christiano, Paul and Schulman, John and Man{\'e}, Dan},
  journal={arXiv preprint arXiv:1606.06565},
  year={2016}
}

@article{lu2018exploration,
  title={On Exploration, Exploitation and Learning in Adaptive Importance Sampling},
  author={Lu, Xiaoyu and Rainforth, Tom and Zhou, Yuan and van de Meent, Jan-Willem and Teh, Yee Whye},
  journal={arXiv preprint arXiv:1810.13296},
  year={2018}
}

@article{rainforth2018inference,
  title={Inference trees: Adaptive inference with exploration},
  author={Rainforth, Tom and Zhou, Yuan and Lu, Xiaoyu and Teh, Yee Whye and Wood, Frank and Yang, Hongseok and van de Meent, Jan-Willem},
  journal={arXiv preprint arXiv:1806.09550},
  year={2018}
}

@article{shvechikovjoint,
  title={Joint Belief Tracking and Reward Optimization through Approximate Inference},
  author={Shvechikov, Pavel and Grishin, Alexander and Kuznetsov, Arsenii and Fritzler, Alexander and Vetrov, Dmitry}
}

@article{hamrick2019analogues,
  title={Analogues of mental simulation and imagination in deep learning},
  author={Hamrick, Jessica B},
  journal={Current Opinion in Behavioral Sciences},
  volume={29},
  pages={8--16},
  year={2019},
  publisher={Elsevier}
}

@article{huang2018neural,
  title={Neural Autoregressive Flows},
  author={Huang, Chin-Wei and Krueger, David and Lacoste, Alexandre and Courville, Aaron},
  journal={arXiv preprint arXiv:1804.00779},
  year={2018}
}

@article{lindley1956measure,
  title={On a measure of the information provided by an experiment},
  author={Lindley, Dennis V},
  journal={The Annals of Mathematical Statistics},
  pages={986--1005},
  year={1956},
  publisher={JSTOR}
}

@article{chaloner1995bayesian,
  title={Bayesian experimental design: A review},
  author={Chaloner, Kathryn and Verdinelli, Isabella},
  journal={Statistical Science},
  pages={273--304},
  year={1995},
  publisher={JSTOR}
}

@article{tanner1987calculation,
  title={The calculation of posterior distributions by data augmentation},
  author={Tanner, Martin A and Wong, Wing Hung},
  journal={Journal of the American statistical Association},
  volume={82},
  number={398},
  pages={528--540},
  year={1987},
  publisher={Taylor \& Francis}
}

@article{dempster1977maximum,
  title={Maximum likelihood from incomplete data via the EM algorithm},
  author={Dempster, Arthur P and Laird, Nan M and Rubin, Donald B},
  journal={Journal of the royal statistical society. Series B (methodological)},
  pages={1--38},
  year={1977},
  publisher={JSTOR}
}

@article{ebert2018visual,
  title={Visual Foresight: Model-Based Deep Reinforcement Learning for Vision-Based Robotic Control},
  author={Ebert, Frederik and Finn, Chelsea and Dasari, Sudeep and Xie, Annie and Lee, Alex and Levine, Sergey},
  journal={arXiv preprint arXiv:1812.00568},
  year={2018}
}

@article{black1973pricing,
  title={The pricing of options and corporate liabilities},
  author={Black, Fischer and Scholes, Myron},
  journal={Journal of political economy},
  volume={81},
  number={3},
  pages={637--654},
  year={1973},
  publisher={The University of Chicago Press}
}

@article{muller2005simulation,
  title={Simulation based optimal design},
  author={M{\"u}ller, Peter},
  journal={Handbook of Statistics},
  volume={25},
  pages={509--518},
  year={2005},
  publisher={Elsevier}
}

@inproceedings{
ke2018modeling,
title={Modeling the Long Term Future in Model-Based Reinforcement Learning},
author={Nan Rosemary Ke and Amanpreet Singh and Ahmed Touati and Anirudh Goyal and Yoshua Bengio and Devi Parikh and Dhruv Batra},
booktitle={International Conference on Learning Representations},
year={2019},
url={https://openreview.net/forum?id=SkgQBn0cF7},
}

@article{wiener1949extrapolation,
  title={Extrapolation, interpolation and smoothing of stationary time series-with engineering applications MIT Press},
  author={Wiener, Norbert},
  journal={Google Scholar},
  year={1949}
}

@article{polydoros2017survey,
  title={Survey of model-based reinforcement learning: Applications on robotics},
  author={Polydoros, Athanasios S and Nalpantidis, Lazaros},
  journal={Journal of Intelligent \& Robotic Systems},
  volume={86},
  number={2},
  pages={153--173},
  year={2017},
  publisher={Springer}
}

@inproceedings{fraccaro2016sequential,
  title={Sequential neural models with stochastic layers},
  author={Fraccaro, Marco and S{\o}nderby, S{\o}ren Kaae and Paquet, Ulrich and Winther, Ole},
  booktitle={Advances in neural information processing systems},
  pages={2199--2207},
  year={2016}
}

@book{mcbook,
   author = {Art B. Owen},
   year = 2013,
   title = {Monte Carlo theory, methods and examples}
}

@article{kamthe2017data,
  title={Data-efficient reinforcement learning with probabilistic model predictive control},
  author={Kamthe, Sanket and Deisenroth, Marc Peter},
  journal={arXiv preprint arXiv:1706.06491},
  year={2017}
}

@inproceedings{schneider1997exploiting,
  title={Exploiting model uncertainty estimates for safe dynamic control learning},
  author={Schneider, Jeff G},
  booktitle={Advances in neural information processing systems},
  pages={1047--1053},
  year={1997}
}

@inproceedings{deisenroth2011pilco,
  title={PILCO: A model-based and data-efficient approach to policy search},
  author={Deisenroth, Marc and Rasmussen, Carl E},
  booktitle={Proceedings of the 28th International Conference on machine learning (ICML-11)},
  pages={465--472},
  year={2011}
}

@inproceedings{pan2014probabilistic,
  title={Probabilistic differential dynamic programming},
  author={Pan, Yunpeng and Theodorou, Evangelos},
  booktitle={Advances in Neural Information Processing Systems},
  pages={1907--1915},
  year={2014}
}

@book{murphy2012machine,
  title={Machine learning: a probabilistic perspective},
  author={Murphy, Kevin P},
  year={2012}
}

@inproceedings{lakshminarayanan2017simple,
  title={Simple and scalable predictive uncertainty estimation using deep ensembles},
  author={Lakshminarayanan, Balaji and Pritzel, Alexander and Blundell, Charles},
  booktitle={Advances in Neural Information Processing Systems},
  pages={6402--6413},
  year={2017}
}

@inproceedings{mishra2017prediction,
  title={Prediction and control with temporal segment models},
  author={Mishra, Nikhil and Abbeel, Pieter and Mordatch, Igor},
  booktitle={Proceedings of the 34th International Conference on Machine Learning-Volume 70},
  pages={2459--2468},
  year={2017},
  organization={JMLR. org}
}

@article{garcia1989model,
  title={Model predictive control: theory and practice—a survey},
  author={Garcia, Carlos E and Prett, David M and Morari, Manfred},
  journal={Automatica},
  volume={25},
  number={3},
  pages={335--348},
  year={1989},
  publisher={Elsevier}
}

@book{zheng2010model,
  title={Model predictive control},
  author={Zheng, Tao},
  year={2010},
  publisher={Springer}
}

@article{lowrey2018plan,
  title={Plan Online, Learn Offline: Efficient Learning and Exploration via Model-Based Control},
  author={Lowrey, Kendall and Rajeswaran, Aravind and Kakade, Sham and Todorov, Emanuel and Mordatch, Igor},
  journal={arXiv preprint arXiv:1811.01848},
  year={2018}
}

@misc{jordan2003introduction,
  title={An introduction to probabilistic graphical models},
  author={Jordan, Michael I},
  year={2003},
  publisher={preparation}
}

@article{bellman1954theory,
  title={The theory of dynamic programming},
  author={Bellman, Richard and others},
  journal={Bulletin of the American Mathematical Society},
  volume={60},
  number={6},
  pages={503--515},
  year={1954},
  publisher={American Mathematical Society}
}

@article{sutton1991dyna,
  title={Dyna, an integrated architecture for learning, planning, and reacting},
  author={Sutton, Richard S},
  journal={ACM SIGART Bulletin},
  volume={2},
  number={4},
  pages={160--163},
  year={1991},
  publisher={ACM}
}

@article{brier1950verification,
  title={Verification of forecasts expressed in terms of probability},
  author={Brier, Glenn W},
  journal={Monthey Weather Review},
  volume={78},
  number={1},
  pages={1--3},
  year={1950}
}

@article{ma2018sampling,
  title={Sampling can be faster than optimization},
  author={Ma, Yi-An and Chen, Yuansi and Jin, Chi and Flammarion, Nicolas and Jordan, Michael I},
  journal={arXiv preprint arXiv:1811.08413},
  year={2018}
}

@inproceedings{hansen2018fast,
  title={Fast deep reinforcement learning using online adjustments from the past},
  author={Hansen, Steven and Pritzel, Alexander and Sprechmann, Pablo and Barreto, Andre and Blundell, Charles},
  booktitle={Advances in Neural Information Processing Systems},
  pages={10567--10577},
  year={2018}
}

@inproceedings{monteleoni2004online,
  title={Online learning of non-stationary sequences},
  author={Monteleoni, Claire and Jaakkola, Tommi S},
  booktitle={Advances in Neural Information Processing Systems},
  pages={1093--1100},
  year={2004}
}

@article{schlimmer1986incremental,
  title={Incremental learning from noisy data},
  author={Schlimmer, Jeffrey C and Granger, Richard H},
  journal={Machine learning},
  volume={1},
  number={3},
  pages={317--354},
  year={1986},
  publisher={Springer}
}

@article{mcclelland1995there,
  title={Why there are complementary learning systems in the hippocampus and neocortex: insights from the successes and failures of connectionist models of learning and memory.},
  author={McClelland, James L and McNaughton, Bruce L and O'reilly, Randall C},
  journal={Psychological review},
  volume={102},
  number={3},
  pages={419},
  year={1995},
  publisher={American Psychological Association}
}

@article{duan2016rl,
  title={RL $\^{} 2$: Fast Reinforcement Learning via Slow Reinforcement Learning},
  author={Duan, Yan and Schulman, John and Chen, Xi and Bartlett, Peter L and Sutskever, Ilya and Abbeel, Pieter},
  journal={arXiv preprint arXiv:1611.02779},
  year={2016}
}

@inproceedings{pritzel2017neural,
  title={Neural episodic control},
  author={Pritzel, Alexander and Uria, Benigno and Srinivasan, Sriram and Badia, Adria Puigdomenech and Vinyals, Oriol and Hassabis, Demis and Wierstra, Daan and Blundell, Charles},
  booktitle={Proceedings of the 34th International Conference on Machine Learning-Volume 70},
  pages={2827--2836},
  year={2017},
  organization={JMLR. org}
}

@article{botvinick2019reinforcement,
  title={Reinforcement Learning, Fast and Slow},
  author={Botvinick, Mathew and Ritter, Sam and Wang, Jane X and Kurth-Nelson, Zeb and Blundell, Charles and Hassabis, Demis},
  journal={Trends in cognitive sciences},
  year={2019},
  publisher={Elsevier}
}

@article{roweis1999unifying,
  title={A unifying review of linear Gaussian models},
  author={Roweis, Sam and Ghahramani, Zoubin},
  journal={Neural computation},
  volume={11},
  number={2},
  pages={305--345},
  year={1999},
  publisher={MIT Press}
}

@inproceedings{krishnan2017structured,
  title={Structured inference networks for nonlinear state space models},
  author={Krishnan, Rahul G and Shalit, Uri and Sontag, David},
  booktitle={Thirty-First AAAI Conference on Artificial Intelligence},
  year={2017}
}

@book{jazwinski2007stochastic,
  title={Stochastic processes and filtering theory},
  author={Jazwinski, Andrew H},
  year={2007},
  publisher={Courier Corporation}
}

@article{greensmith2004variance,
  title={Variance reduction techniques for gradient estimates in reinforcement learning},
  author={Greensmith, Evan and Bartlett, Peter L and Baxter, Jonathan},
  journal={Journal of Machine Learning Research},
  volume={5},
  number={Nov},
  pages={1471--1530},
  year={2004}
}

@article{brodersen2015inferring,
  title={Inferring causal impact using Bayesian structural time-series models},
  author={Brodersen, Kay H and Gallusser, Fabian and Koehler, Jim and Remy, Nicolas and Scott, Steven L and others},
  journal={The Annals of Applied Statistics},
  volume={9},
  number={1},
  pages={247--274},
  year={2015},
  publisher={Institute of Mathematical Statistics}
}

@article{hyvarinen2010estimation,
  title={Estimation of a structural vector autoregression model using non-gaussianity},
  author={Hyv{\"a}rinen, Aapo and Zhang, Kun and Shimizu, Shohei and Hoyer, Patrik O},
  journal={Journal of Machine Learning Research},
  volume={11},
  number={May},
  pages={1709--1731},
  year={2010}
}

@inproceedings{spirtes2016causal,
  title={Causal discovery and inference: concepts and recent methodological advances},
  author={Spirtes, Peter and Zhang, Kun},
  booktitle={Applied informatics},
  volume={3},
  number={1},
  pages={3},
  year={2016},
  organization={SpringerOpen}
}


@inproceedings{silver2014deterministic,
  title={Deterministic policy gradient algorithms},
  author={Silver, David and Lever, Guy and Heess, Nicolas and Degris, Thomas and Wierstra, Daan and Riedmiller, Martin},
  booktitle={ICML},
  year={2014}
}

@inproceedings{degris2012linear,
  title={Linear off-policy actor-critic},
  author={Degris, Thomas and White, Martha and Sutton, Richard S},
  booktitle={In International Conference on Machine Learning},
  year={2012},
  organization={Citeseer}
}

@article{sutton1988learning,
  title={Learning to predict by the methods of temporal differences},
  author={Sutton, Richard S},
  journal={Machine learning},
  volume={3},
  number={1},
  pages={9--44},
  year={1988},
  publisher={Springer}
}

@article{glynn1990likelihood,
  title={Likelihood ratio gradient estimation for stochastic systems},
  author={Glynn, Peter W},
  journal={Communications of the ACM},
  volume={33},
  number={10},
  pages={75--84},
  year={1990},
  publisher={ACM}
}

@incollection{fu2015stochastic,
  title={Stochastic gradient estimation},
  author={Fu, Michael C},
  booktitle={Handbook of simulation optimization},
  pages={105--147},
  year={2015},
  publisher={Springer}
}

@article{mohamed2019monte,
  title={Monte Carlo Gradient Estimation in Machine Learning},
  author={Mohamed, Shakir and Rosca, Mihaela and Figurnov, Michael and Mnih, Andriy},
  journal={arXiv preprint arXiv:1906.10652},
  year={2019}
}

@article{murphy2002dynamic,
  title={Dynamic bayesian networks: representation, inference and learning},
  author={Murphy, Kevin Patrick and Russell, Stuart},
  year={2002},
  publisher={University of California, Berkeley Dissertation}
}

@book{russell2016artificial,
  title={Artificial intelligence: a modern approach},
  author={Russell, Stuart J and Norvig, Peter},
  year={2016},
  publisher={Malaysia; Pearson Education Limited,}
}

@inproceedings{sutton2000policy,
  title={Policy gradient methods for reinforcement learning with function approximation},
  author={Sutton, Richard S and McAllester, David A and Singh, Satinder P and Mansour, Yishay},
  booktitle={Advances in neural information processing systems},
  pages={1057--1063},
  year={2000}
}

@article{nagabandi2018deep,
  title={Deep online learning via meta-learning: Continual adaptation for model-based RL},
  author={Nagabandi, Anusha and Finn, Chelsea and Levine, Sergey},
  journal={arXiv preprint arXiv:1812.07671},
  year={2018}
}

@article{ortega2019meta,
  title={Meta-learning of Sequential Strategies},
  author={Ortega, Pedro A and Wang, Jane X and Rowland, Mark and Genewein, Tim and Kurth-Nelson, Zeb and Pascanu, Razvan and Heess, Nicolas and Veness, Joel and Pritzel, Alex and Sprechmann, Pablo and others},
  journal={arXiv preprint arXiv:1905.03030},
  year={2019}
}

@article{marino2018iterative,
  title={Iterative amortized inference},
  author={Marino, Joseph and Yue, Yisong and Mandt, Stephan},
  journal={arXiv preprint arXiv:1807.09356},
  year={2018}
}

@article{schaul2018barbados,
  title={The Barbados 2018 List of Open Issues in Continual Learning},
  author={Schaul, Tom and van Hasselt, Hado and Modayil, Joseph and White, Martha and White, Adam and Bacon, Pierre-Luc and Harb, Jean and Mourad, Shibl and Bellemare, Marc and Precup, Doina},
  journal={arXiv preprint arXiv:1811.07004},
  year={2018}
}

@incollection{botev2013cross,
  title={The cross-entropy method for optimization},
  author={Botev, Zdravko I and Kroese, Dirk P and Rubinstein, Reuven Y and L’Ecuyer, Pierre},
  booktitle={Handbook of statistics},
  volume={31},
  pages={35--59},
  year={2013},
  publisher={Elsevier}
}

@article{wang2019exploring,
  title={Exploring Model-based Planning with Policy Networks},
  author={Wang, Tingwu and Ba, Jimmy},
  journal={arXiv preprint arXiv:1906.08649},
  year={2019}
}

@article{lorberbom2019direct,
  title={Direct Policy Gradients: Direct Optimization of Policies in Discrete Action Spaces},
  author={Lorberbom, Guy and Maddison, Chris J and Heess, Nicolas and Hazan, Tamir and Tarlow, Daniel},
  journal={arXiv preprint arXiv:1906.06062},
  year={2019}
}

@article{silver2009reinforcement,
  title={Reinforcement learning and simulation-based search in computer Go},
  author={Silver, David},
  year={2009}
}

@inproceedings{kearns2000bias,
  title={Bias-Variance Error Bounds for Temporal Difference Updates.},
  author={Kearns, Michael J and Singh, Satinder P},
  booktitle={COLT},
  pages={142--147},
  year={2000},
  organization={Citeseer}
}

@book{sutton2018reinforcement,
  title={Reinforcement learning: An introduction},
  author={Sutton, Richard S and Barto, Andrew G},
  year={2018},
  publisher={MIT press}
}

@article{dean1989model,
  title={A model for reasoning about persistence and causation},
  author={Dean, Thomas and Kanazawa, Keiji},
  journal={Computational intelligence},
  volume={5},
  number={2},
  pages={142--150},
  year={1989},
  publisher={Wiley Online Library}
}

@article{nichol2018reptile,
  title={Reptile: a scalable metalearning algorithm},
  author={Nichol, Alex and Schulman, John},
  journal={arXiv preprint arXiv:1803.02999},
  volume={2},
  year={2018}
}

@article{grant2018recasting,
  title={Recasting gradient-based meta-learning as hierarchical bayes},
  author={Grant, Erin and Finn, Chelsea and Levine, Sergey and Darrell, Trevor and Griffiths, Thomas},
  journal={arXiv preprint arXiv:1801.08930},
  year={2018}
}

@inproceedings{finn2017model,
  title={Model-agnostic meta-learning for fast adaptation of deep networks},
  author={Finn, Chelsea and Abbeel, Pieter and Levine, Sergey},
  booktitle={Proceedings of the 34th International Conference on Machine Learning-Volume 70},
  pages={1126--1135},
  year={2017},
  organization={JMLR. org}
}

@inproceedings{pearl1985bayesian,
  title={Bayesian networks: A model of self-activated memory for evidential reasoning},
  author={Pearl, Judea},
  booktitle={Proceedings of the 7th Conference of the Cognitive Science Society, 1985},
  pages={329--334},
  year={1985}
}

@book{pearl2014probabilistic,
  title={Probabilistic reasoning in intelligent systems: networks of plausible inference},
  author={Pearl, Judea},
  year={2014},
  publisher={Elsevier}
}

@article{kim2018semi,
  title={Semi-amortized variational autoencoders},
  author={Kim, Yoon and Wiseman, Sam and Miller, Andrew C and Sontag, David and Rush, Alexander M},
  journal={arXiv preprint arXiv:1802.02550},
  year={2018}
}

@article{krishnan2017challenges,
  title={On the challenges of learning with inference networks on sparse, high-dimensional data},
  author={Krishnan, Rahul G and Liang, Dawen and Hoffman, Matthew},
  journal={arXiv preprint arXiv:1710.06085},
  year={2017}
}

@article{cremer2018inference,
  title={Inference suboptimality in variational autoencoders},
  author={Cremer, Chris and Li, Xuechen and Duvenaud, David},
  journal={arXiv preprint arXiv:1801.03558},
  year={2018}
}

@article{rezende2014stochastic,
  title={Stochastic backpropagation and approximate inference in deep generative models},
  author={Rezende, Danilo Jimenez and Mohamed, Shakir and Wierstra, Daan},
  journal={arXiv preprint arXiv:1401.4082},
  year={2014}
}

@article{mnih2014neural,
  title={Neural variational inference and learning in belief networks},
  author={Mnih, Andriy and Gregor, Karol},
  journal={arXiv preprint arXiv:1402.0030},
  year={2014}
}

@article{hoffman2013stochastic,
  title={Stochastic variational inference},
  author={Hoffman, Matthew D and Blei, David M and Wang, Chong and Paisley, John},
  journal={The Journal of Machine Learning Research},
  volume={14},
  number={1},
  pages={1303--1347},
  year={2013},
  publisher={JMLR. org}
}

@article{marino2019mbrl,
  title={An inference perspective on model-based reinforcement learning},
  author={Marino, Joseph and Yue, Yisong},
  journal={ICML Workshop on Generative Modeling and Model-Based Reasoning for Robotics and AI, Long Beach, California},
  year={2019}
}

@incollection{neal1998view,
  title={A view of the EM algorithm that justifies incremental, sparse, and other variants},
  author={Neal, Radford M and Hinton, Geoffrey E},
  booktitle={Learning in graphical models},
  pages={355--368},
  year={1998},
  publisher={Springer}
}

@inproceedings{yoon2018bayesian,
  title={Bayesian model-agnostic meta-learning},
  author={Yoon, Jaesik and Kim, Taesup and Dia, Ousmane and Kim, Sungwoong and Bengio, Yoshua and Ahn, Sungjin},
  booktitle={Advances in Neural Information Processing Systems},
  pages={7332--7342},
  year={2018}
}

@inproceedings{liu2016stein,
  title={Stein variational gradient descent: A general purpose bayesian inference algorithm},
  author={Liu, Qiang and Wang, Dilin},
  booktitle={Advances in neural information processing systems},
  pages={2378--2386},
  year={2016}
}

@article{tassa2018deepmind,
  title={Deepmind control suite},
  author={Tassa, Yuval and Doron, Yotam and Muldal, Alistair and Erez, Tom and Li, Yazhe and Casas, Diego de Las and Budden, David and Abdolmaleki, Abbas and Merel, Josh and Lefrancq, Andrew and others},
  journal={arXiv preprint arXiv:1801.00690},
  year={2018}
}

@article{maddison2017particle,
  title={Particle value functions},
  author={Maddison, Chris J and Lawson, Dieterich and Tucker, George and Heess, Nicolas and Doucet, Arnaud and Mnih, Andriy and Teh, Yee Whye},
  journal={arXiv preprint arXiv:1703.05820},
  year={2017}
}

@incollection{jordan1998introduction,
  title={An introduction to variational methods for graphical models},
  author={Jordan, Michael I and Ghahramani, Zoubin and Jaakkola, Tommi S and Saul, Lawrence K},
  booktitle={Learning in graphical models},
  pages={105--161},
  year={1998},
  publisher={Springer}
}

@article{guss2019minerl,
  title={MineRL: A Large-Scale Dataset of Minecraft Demonstrations},
  author={Guss, William H and Houghton, Brandon and Topin, Nicholay and Wang, Phillip and Codel, Cayden and Veloso, Manuela and Salakhutdinov, Ruslan},
  journal={arXiv preprint arXiv:1907.13440},
  year={2019}
}

@article{gershman2012nonparametric,
  title={Nonparametric variational inference},
  author={Gershman, Samuel and Hoffman, Matt and Blei, David},
  journal={arXiv preprint arXiv:1206.4665},
  year={2012}
}

@incollection{jaakkola1998improving,
  title={Improving the mean field approximation via the use of mixture distributions},
  author={Jaakkola, Tommi S and Jordan, Michael I},
  booktitle={Learning in graphical models},
  pages={163--173},
  year={1998},
  publisher={Springer}
}

@inproceedings{bishop1998approximating,
  title={Approximating posterior distributions in belief networks using mixtures},
  author={Bishop, Christopher M and Lawrence, Neil D and Jaakkola, Tommi and Jordan, Michael I},
  booktitle={Advances in neural information processing systems},
  pages={416--422},
  year={1998}
}

@article{liu2017stein,
  title={Stein variational policy gradient},
  author={Liu, Yang and Ramachandran, Prajit and Liu, Qiang and Peng, Jian},
  journal={arXiv preprint arXiv:1704.02399},
  year={2017}
}

@inproceedings{teh2017distral,
  title={Distral: Robust multitask reinforcement learning},
  author={Teh, Yee and Bapst, Victor and Czarnecki, Wojciech M and Quan, John and Kirkpatrick, James and Hadsell, Raia and Heess, Nicolas and Pascanu, Razvan},
  booktitle={Advances in Neural Information Processing Systems},
  pages={4496--4506},
  year={2017}
}

@book{gelman2013bayesian,
  title={Bayesian data analysis},
  author={Gelman, Andrew and Carlin, John B and Stern, Hal S and Dunson, David B and Vehtari, Aki and Rubin, Donald B},
  year={2013},
  publisher={Chapman and Hall/CRC}
}

@inproceedings{finn2018probabilistic,
  title={Probabilistic model-agnostic meta-learning},
  author={Finn, Chelsea and Xu, Kelvin and Levine, Sergey},
  booktitle={Advances in Neural Information Processing Systems},
  pages={9516--9527},
  year={2018}
}

@article{ravi2018amortized,
  title={Amortized bayesian meta-learning},
  author={Ravi, Sachin and Beatson, Alex},
  year={2018}
}

@incollection{toussaint2017tutorial,
  title={A tutorial on Newton methods for constrained trajectory optimization and relations to SLAM, Gaussian Process smoothing, optimal control, and probabilistic inference},
  author={Toussaint, Marc},
  booktitle={Geometric and numerical foundations of movements},
  pages={361--392},
  year={2017},
  publisher={Springer}
}

@inproceedings{hoffman2007trans,
  title={Trans-dimensional MCMC for Bayesian policy learning},
  author={Hoffman, Matt and Doucet, Arnaud and Freitas, Nando de and Jasra, Ajay},
  booktitle={Proceedings of the 20th International Conference on Neural Information Processing Systems},
  pages={665--672},
  year={2007},
  organization={Curran Associates Inc.}
}


@techreport{hoffman2007solving,
  title={On solving general state-space sequential decision problems using inference algorithms},
  author={Hoffman, Matt and Doucet, Arnaud and De Freitas, Nando and Jasra, Ajay},
  year={2007},
  institution={Citeseer}
}

@article{thomas2018disentangling,
  title={Disentangling the independently controllable factors of variation by interacting with the world},
  author={Thomas, Valentin and Bengio, Emmanuel and Fedus, William and Pondard, Jules and Beaudoin, Philippe and Larochelle, Hugo and Pineau, Joelle and Precup, Doina and Bengio, Yoshua},
  journal={arXiv preprint arXiv:1802.09484},
  year={2018}
}


@article{thomas2017independently,
  title={Independently controllable features},
  author={Thomas, Valentin and Pondard, Jules and Bengio, Emmanuel and Sarfati, Marc and Beaudoin, Philippe and Meurs, Marie-Jean and Pineau, Joelle and Precup, Doina and Bengio, Yoshua},
  journal={arXiv preprint arXiv:1708.01289},
  year={2017}
}


@article{bengio2017independently,
  title={Independently controllable features},
  author={Bengio, Emmanuel and Thomas, Valentin and Pineau, Joelle and Precup, Doina and Bengio, Yoshua},
  journal={arXiv preprint arXiv:1703.07718},
  year={2017}
}

@book{puterman2014markov,
  title={Markov Decision Processes.: Discrete Stochastic Dynamic Programming},
  author={Puterman, Martin L},
  year={2014},
  publisher={John Wiley \& Sons}
}


@book{kullback1997information,
  title={Information theory and statistics},
  author={Kullback, Solomon},
  year={1997},
  publisher={Courier Corporation}
}


@article{kullback1951information,
  title={On information and sufficiency},
  author={Kullback, Solomon and Leibler, Richard A},
  journal={The annals of mathematical statistics},
  volume={22},
  number={1},
  pages={79--86},
  year={1951},
  publisher={JSTOR}
}



@book{kolmogorov2018foundations,
  title={Foundations of the theory of probability: Second English Edition},
  author={Kolmogorov, Andre{\u\i} Nikolaevich and Bharucha-Reid, Albert T},
  year={2018},
  publisher={Courier Dover Publications}
}


@book{billingsley2008probability,
  title={Probability and measure},
  author={Billingsley, Patrick},
  year={2008},
  publisher={John Wiley \& Sons}
}


@article{shannon1948mathematical,
  title={A mathematical theory of communication},
  author={Shannon, Claude Elwood},
  journal={Bell system technical journal},
  volume={27},
  number={3},
  pages={379--423},
  year={1948},
  publisher={Wiley Online Library}
}


@inproceedings{ioffe2015batch,
  title={Batch normalization: Accelerating deep network training by reducing internal covariate shift},
  author={Ioffe, Sergey and Szegedy, Christian},
  booktitle={International Conference on Machine Learning},
  pages={448--456},
  year={2015}
}

 
@article{gopnik,
 author={Alison Gopnik and Henry M. Wellman},
  title={{Reconstructing constructivism: Causal models, Bayesian learning mechanisms and the theory theory}},
 journal={Psychological Bulletin},
  volume={138},
  number={6},
  pages={1085},
  year={2012},
  publisher={American Psychological Association}
 }
 
 
@InProceedings{VincentICML2008,
  author =       "Pascal Vincent and Hugo Larochelle and Yoshua Bengio
                 and Pierre-Antoine Manzagol",
  booktitle =    "ICML 2008",
  title =        "Extracting and Composing Robust Features with
                 Denoising Autoencoders",
  year =         "2008",
}
 
 
@inproceedings{sutton2009,
 author={Sutton, R. S., Modayil, J., Delp, M., Degris, T., Pilarski, P. M., White, A., Precup, D.}, 
 year={2011},
 title={{Horde: A scalable real-time architecture for learning knowledge from unsupervised sensorimotor interaction}},
 booktitle={AAMAS}
 }
 
 
@article{silver2017,
 author={David Silver, Hado van Hasselt, Matteo Hessel, Tom Schaul, Arthur Guez, Tim Harley, Gabriel Dulac-Arnold, David Reichert, Neil Rabinowitz, Andre Barreto, Thomas Degris},
 title={{The Predictron: End-To-End Learning and Planning}},
 year={2017},
 journal={arXiv},
 number={arXiv:1612.08810}
 }
 
 
@inproceedings{ratitch,
 author={Bohdana Ratitch and Doina Precup},
 year={2003},
 booktitle={ECML},
 title={{Using MDP Characteristics to Guide Exploration in Reinforcement Learning}},
 pages={313--324}
 }


@article{jaderberg2016reinforcement,
  title={{Reinforcement learning with unsupervised auxiliary tasks}},
  author={Jaderberg, Max and Mnih, Volodymyr and Czarnecki, Wojciech Marian and Schaul, Tom and Leibo, Joel Z and Silver, David and Kavukcuoglu, Koray},
  journal={arXiv preprint arXiv:1611.05397},
  year={2016}
}


@article{stadie2017,
title={Third person imitation learning},
author={Stadie, Bradly C and Abbeel, Pieter and Sutskever, Ilya },
year={2017},
url={https://openreview.net/forum?id=B16dGcqlx}}


@book{Bengio-2009-book,
    author = {Bengio, Yoshua},
     title = {Learning deep architectures for {AI}},
      year = {2009},
      publisher = {Now Publishers},
}


@article{kulkarni2016deep,
  title={{Deep successor reinforcement learning}},
  author={Kulkarni, Tejas D and Saeedi, Ardavan and Gautam, Simanta and Gershman, Samuel J},
  journal={arXiv preprint arXiv:1606.02396},
  year={2016}
}

@article{precup2000temporal,
  title={{Temporal abstraction in reinforcement learning}},
  author={Precup, Doina},
  year={2000},
  publisher={Citeseer}
}


@article{hinton2006reducing,
  title={{Reducing the dimensionality of data with neural networks}},
  author={Hinton, Geoffrey E and Salakhutdinov, Ruslan R},
  journal={Science},
  volume={313},
  number={5786},
  pages={504--507},
  year={2006},
  publisher={American Association for the Advancement of Science}
}

@article{dayan1993improving,
  title={{Improving generalization for temporal difference learning: The successor representation}},
  author={Dayan, Peter},
  journal={Neural Computation},
  volume={5},
  number={4},
  pages={613--624},
  year={1993},
  publisher={MIT Press}
}

@article{bacon2016option,
  title={{The option-critic architecture}},
  author={Bacon, Pierre-Luc and Harb, Jean and Precup, Doina},
  journal={arXiv preprint arXiv:1609.05140},
  year={2016}
}

@inproceedings{greff2016tagger,
  title={{Tagger: Deep unsupervised perceptual grouping}},
  author={Greff, Klaus and Rasmus, Antti and Berglund, Mathias and Hao, Tele and Valpola, Harri and Schmidhuber, Juergen},
  booktitle={Advances in Neural Information Processing Systems},
  pages={4484--4492},
  year={2016}
}

@inproceedings{minin2012complex,
  title={{Complex Valued Artificial Recurrent Neural Network as a Novel Approach to Model the Perceptual Binding Problem.}},
  author={Minin, Alexey and Knoll, Alois and Zimmermann, Hans-Georg and Siemens, AG and Siemens, LLC},
  booktitle={ESANN},
  year={2012},
  organization={Citeseer}
}


@inproceedings{glynn1987likelilood,
  title={{Likelilood ratio gradient estimation: an overview}},
  author={Glynn, Peter W},
  booktitle={Proceedings of the 19th conference on Winter simulation},
  pages={366--375},
  year={1987},
  organization={ACM}
}

@article{raposo2017discovering,
  title={{Discovering objects and their relations from entangled scene representations}},
  author={Raposo, David and Santoro, Adam and Barrett, David and Pascanu, Razvan and Lillicrap, Timothy and Battaglia, Peter},
  journal={arXiv preprint arXiv:1702.05068},
  year={2017}
}

@article{bengio2003neural,
  title={{A neural probabilistic language model}},
  author={Bengio, Yoshua and Ducharme, R{\'e}jean and Vincent, Pascal and Jauvin, Christian},
  journal={Journal of machine learning research},
  volume={3},
  number={Feb},
  pages={1137--1155},
  year={2003}
}


@article{sukhbaatar2015mazebase,
  title={{MazeBase: A sandbox for learning from games}},
  author={Sukhbaatar, Sainbayar and Szlam, Arthur and Synnaeve, Gabriel and Chintala, Soumith and Fergus, Rob},
  journal={arXiv preprint arXiv:1511.07401},
  year={2015}
}


@article{lecun1998mnist,
  title={{The MNIST database of handwritten digits}},
  author={LeCun, Yann},
  journal={http://yann.lecun.com/exdb/mnist/},
  year={1998}
}

@inproceedings{Kingma+Welling-ICLR2014,
 author = {Durk P. Kingma and Max Welling},
 title = {{Auto-encoding variational Bayes}},
 booktitle = {Proceedings of the International Conference on Learning Representations (ICLR)},
 year = 2014,
}

@article{Dayan-et-al-1995,
  title={The {H}elmholtz machine},
  author={Dayan, Peter and Hinton, Geoffrey E and Neal, Radford M and Zemel, Richard S},
  journal={Neural computation},
  volume={7},
  number={5},
  pages={889--904},
  year={1995},
  publisher={MIT Press}
}

@misc{Dinh-et-al-2014,
   author = {Laurent Dinh and David Krueger and Yoshua Bengio},
    title = {{NICE: Non-linear Independent Components Estimation}},
   howpublished = {arXiv:1410.8516, ICLR 2015 workshop},
     year = 2014,
}

@inproceedings{Goodfellow-et-al-NIPS2014,
       author = {Goodfellow, Ian J. and Pouget-Abadie, Jean and Mirza, Mehdi and Xu, Bing and Warde-Farley, David and Ozair, Sherjil and Courville, Aaron and Bengio, Yoshua},
        title = {{Generative Adversarial Networks}},
       booktitle = {NIPS'2014},
         year = {2014},
}

@inproceedings{Hyvarinen+Morioka-NIPS2016,
 author = {Aapo Hyvarinen and Hiroshi Morioka},
 title = {{Unsupervised Feature Extraction by Time-Contrastive Learning and Nonlinear {ICA}}},
 booktitle = {NIPS},
 year = 2016,
}

@book{Goodfellow-et-al-2016,
    title={Deep Learning},
    author={Ian Goodfellow and Yoshua Bengio and Aaron Courville},
    publisher={MIT Press},
    note={\url{http://www.deeplearningbook.org}},
    year={2016}
}

@article{salge2013empowerment,
  author    = {Christoph Salge and
               Cornelius Glackin and
               Daniel Polani},
  title     = {Empowerment - an Introduction},
  journal   = {CoRR},
  volume    = {abs/1310.1863},
  year      = {2013},
  url       = {http://arxiv.org/abs/1310.1863},
  archivePrefix = {arXiv},
  eprint    = {1310.1863},
  timestamp = {Wed, 07 Jun 2017 14:41:45 +0200},
  biburl    = {http://dblp.org/rec/bib/journals/corr/SalgeGP13},
  bibsource = {dblp computer science bibliography, http://dblp.org}
}

@article{oudeyer2009intrinsic,
  title={What is intrinsic motivation? A typology of computational approaches},
  author={Oudeyer, Pierre-Yves and Kaplan, Frederic},
  journal={Frontiers in neurorobotics},
  volume={1},
  pages={6},
  year={2009},
  publisher={Frontiers}
}



@inproceedings{massey1990causality,
  title={Causality, feedback and directed information},
  author={Massey, James},
  booktitle={Proc. Int. Symp. Inf. Theory Applic.(ISITA-90)},
  pages={303--305},
  year={1990}
}



@inproceedings{bowling2005action,
  title={Action respecting embedding},
  author={Bowling, Michael and Ghodsi, Ali and Wilkinson, Dana},
  booktitle={Proceedings of the 22nd international conference on Machine learning},
  pages={65--72},
  year={2005},
  organization={ACM}
}


@inproceedings{barto2004intrinsically,
  title={Intrinsically motivated learning of hierarchical collections of skills},
  author={Barto, Andrew G and Singh, Satinder and Chentanez, Nuttapong}
}


@inproceedings{watter2015embed,
  title={Embed to control: A locally linear latent dynamics model for control from raw images},
  author={Watter, Manuel and Springenberg, Jost and Boedecker, Joschka and Riedmiller, Martin},
  booktitle={Advances in neural information processing systems},
  pages={2746--2754},
  year={2015}
}


@article{donsker1975asymptotic,
  title={Asymptotic evaluation of certain Markov process expectations for large time, I},
  author={Donsker, Monroe D and Varadhan, SR Srinivasa},
  journal={Communications on Pure and Applied Mathematics},
  volume={28},
  number={1},
  pages={1--47},
  year={1975},
  publisher={Wiley Online Library}
}

@article{ruderman2012tighter,
  title={Tighter variational representations of f-divergences via restriction to probability measures},
  author={Ruderman, Avraham and Reid, Mark and Garc{\'\i}a-Garc{\'\i}a, Dar{\'\i}o and Petterson, James},
  journal={arXiv preprint arXiv:1206.4664},
  year={2012}
}

@inproceedings{schaul2015universal,
  title={Universal value function approximators},
  author={Schaul, Tom and Horgan, Daniel and Gregor, Karol and Silver, David},
  booktitle={Proceedings of the 32nd International Conference on Machine Learning (ICML-15)},
  pages={1312--1320},
  year={2015}
}


@article{florensa2017stochastic,
  title={Stochastic neural networks for hierarchical reinforcement learning},
  author={Florensa, Carlos and Duan, Yan and Abbeel, Pieter},
  journal={arXiv preprint arXiv:1704.03012},
  year={2017}
}


@ARTICLE{varintcontrol,
   author = {{Gregor}, K. and {Jimenez Rezende}, D. and {Wierstra}, D.},
    title = "{Variational Intrinsic Control}",
  journal = {InProceedings of the Interna-tional Conference on Learning Representations (ICLR)},
     year = 2017,
    month = nov,
   adsurl = {http://adsabs.harvard.edu/abs/2016arXiv161107507G},
  adsnote = {Provided by the SAO/NASA Astrophysics Data System}
}


@article{eysenbach2018diversity,
  title={Diversity is All You Need: Learning Skills without a Reward Function},
  author={Eysenbach, Benjamin and Gupta, Abhishek and Ibarz, Julian and Levine, Sergey},
  journal={arXiv preprint arXiv:1802.06070},
  year={2018}
}

@article{tiomkin2017unified,
  title={A Unified Bellman Equation for Causal Information and Value in Markov Decision Processes},
  author={Tiomkin, Stas and Tishby, Naftali},
  journal={arXiv preprint arXiv:1703.01585},
  year={2017}
}


@article{bengio2013representation,
  title={Representation learning: A review and new perspectives},
  author={Bengio, Yoshua and Courville, Aaron and Vincent, Pascal},
  journal={IEEE transactions on pattern analysis and machine intelligence},
  volume={35},
  number={8},
  pages={1798--1828},
  year={2013},
  publisher={IEEE}
}

@inproceedings{krizhevsky2012imagenet,
  title={Imagenet classification with deep convolutional neural networks},
  author={Krizhevsky, Alex and Sutskever, Ilya and Hinton, Geoffrey E},
  booktitle={Advances in neural information processing systems},
  pages={1097--1105},
  year={2012}
}


@inproceedings{bau2017network,
  title={Network dissection: Quantifying interpretability of deep visual representations},
  author={Bau, David and Zhou, Bolei and Khosla, Aditya and Oliva, Aude and Torralba, Antonio},
  booktitle={Proceedings of the IEEE Conference on Computer Vision and Pattern Recognition},
  pages={6541--6549},
  year={2017}
}


@inproceedings{zeiler2014visualizing,
  title={Visualizing and understanding convolutional networks},
  author={Zeiler, Matthew D and Fergus, Rob},
  booktitle={European conference on computer vision},
  pages={818--833},
  year={2014},
  organization={Springer}
}

@inproceedings{deng2009imagenet,
  title={Imagenet: A large-scale hierarchical image database},
  author={Deng, Jia and Dong, Wei and Socher, Richard and Li, Li-Jia and Li, Kai and Fei-Fei, Li},
  booktitle={2009 IEEE conference on computer vision and pattern recognition},
  pages={248--255},
  year={2009},
  organization={Ieee}
}


@article{zhou2014object,
  title={Object detectors emerge in deep scene cnns},
  author={Zhou, Bolei and Khosla, Aditya and Lapedriza, Agata and Oliva, Aude and Torralba, Antonio},
  journal={arXiv preprint arXiv:1412.6856},
  year={2014}
}


@book{gopnik1999scientist,
  title={The scientist in the crib: Minds, brains, and how children learn.},
  author={Gopnik, Alison and Meltzoff, Andrew N and Kuhl, Patricia K},
  year={1999},
  publisher={William Morrow \& Co}
}

@article{berlyne1966curiosity,
  title={Curiosity and exploration},
  author={Berlyne, Daniel E},
  journal={Science},
  volume={153},
  number={3731},
  pages={25--33},
  year={1966},
  publisher={JSTOR}
}


@article{anand2019unsupervised,
  title={Unsupervised State Representation Learning in Atari},
  author={Anand, Ankesh and Racah, Evan and Ozair, Sherjil and Bengio, Yoshua and C{\^o}t{\'e}, Marc-Alexandre and Hjelm, R Devon},
  journal={arXiv preprint arXiv:1906.08226},
  year={2019}
}

@article{casellessymmetry,
  title={SYMMETRY-BASED DISENTANGLED REPRESENTA-TION LEARNING REQUIRES INTERACTION WITH ENVI},
  author={Caselles-Dupr{\'e}, Hugo and Garcia-Ortiz, Michael and Filliat, David}
}

@article{sawada2018disentangling,
  title={Disentangling Controllable and Uncontrollable Factors of Variation by Interacting with the World},
  author={Sawada, Yoshihide},
  journal={arXiv preprint arXiv:1804.06955},
  year={2018}
}

@article{zhang2018composable,
  title={Composable planning with attributes},
  author={Zhang, Amy and Lerer, Adam and Sukhbaatar, Sainbayar and Fergus, Rob and Szlam, Arthur},
  journal={arXiv preprint arXiv:1803.00512},
  year={2018}
}


@article{gregor2016variational,
  title={Variational intrinsic control},
  author={Gregor, Karol and Rezende, Danilo Jimenez and Wierstra, Daan},
  journal={arXiv preprint arXiv:1611.07507},
  year={2016}
}


@inproceedings{mohamed2015variational,
  title={Variational information maximisation for intrinsically motivated reinforcement learning},
  author={Mohamed, Shakir and Rezende, Danilo Jimenez},
  booktitle={Advances in neural information processing systems},
  pages={2125--2133},
  year={2015}
}


@article{achiam2018variational,
  title={Variational option discovery algorithms},
  author={Achiam, Joshua and Edwards, Harrison and Amodei, Dario and Abbeel, Pieter},
  journal={arXiv preprint arXiv:1807.10299},
  year={2018}
}


@inproceedings{kim2019emi,
  title={EMI: Exploration with Mutual Information},
  author={Kim, Hyoungseok and Kim, Jaekyeom and Jeong, Yeonwoo and Levine, Sergey and Song, Hyun Oh},
  booktitle={International Conference on Machine Learning},
  pages={3360--3369},
  year={2019}
}


@article{eslami2018neural,
  title={Neural scene representation and rendering},
  author={Eslami, SM Ali and Rezende, Danilo Jimenez and Besse, Frederic and Viola, Fabio and Morcos, Ari S and Garnelo, Marta and Ruderman, Avraham and Rusu, Andrei A and Danihelka, Ivo and Gregor, Karol and others},
  journal={Science},
  volume={360},
  number={6394},
  pages={1204--1210},
  year={2018},
  publisher={American Association for the Advancement of Science}
}


@article{still2012information,
  title={An information-theoretic approach to curiosity-driven reinforcement learning},
  author={Still, Susanne and Precup, Doina},
  journal={Theory in Biosciences},
  volume={131},
  number={3},
  pages={139--148},
  year={2012},
  publisher={Springer}
}


@article{sagun2017empirical,
  title={Empirical analysis of the hessian of over-parametrized neural networks},
  author={Sagun, Levent and Evci, Utku and Guney, V Ugur and Dauphin, Yann and Bottou, Leon},
  journal={arXiv preprint arXiv:1706.04454},
  year={2017}
}


@article{sagun2016singularity,
  title={Singularity of the hessian in deep learning},
  author={Sagun, Levent and Bottou, L{\'e}on and LeCun, Yann},
  journal={arXiv preprint arXiv:1611.07476},
  year={2016}
}


@inproceedings{chaudhari2018stochastic,
  title={Stochastic gradient descent performs variational inference, converges to limit cycles for deep networks},
  author={Chaudhari, Pratik and Soatto, Stefano},
  booktitle={2018 Information Theory and Applications Workshop (ITA)},
  pages={1--10},
  year={2018},
  organization={IEEE}
}



@article{hochreiter1997flat,
  title={Flat minima},
  author={Hochreiter, Sepp and Schmidhuber, J{\"u}rgen},
  journal={Neural Computation},
  volume={9},
  number={1},
  pages={1--42},
  year={1997},
  publisher={MIT Press}
}

@inproceedings{hinton1993keeping,
  title={Keeping the neural networks simple by minimizing the description length of the weights},
  author={Hinton, Geoffrey E and Van Camp, Drew},
  booktitle={Proceedings of the sixth annual conference on Computational learning theory},
  pages={5--13},
  year={1993},
  organization={ACM}
}

@article{dinh2017sharp,
  title={Sharp minima can generalize for deep nets},
  author={Dinh, Laurent and Pascanu, Razvan and Bengio, Samy and Bengio, Yoshua},
  journal={International Conference on Machine Learning (ICML)},
  year={2017}
}
% Generalization: Batch size

@article{keskar2016large,
  title={On large-batch training for deep learning: Generalization gap and sharp minima},
  author={Keskar, Nitish Shirish and Mudigere, Dheevatsa and Nocedal, Jorge and Smelyanskiy, Mikhail and Tang, Ping Tak Peter},
  journal={International Conference on Learning Representations(ICLR)},
  year={2017}
}

@article{jastrzkebski2017three,
  title={Three factors influencing minima in SGD},
  author={Jastrz{\k{e}}bski, Stanis{\l}aw and Kenton, Zachary and Arpit, Devansh and Ballas, Nicolas and Fischer, Asja and Bengio, Yoshua and Storkey, Amos},
  journal={arXiv preprint arXiv:1711.04623},
  year={2017}
}


@inproceedings{flammarion2015averaging,
  title={From averaging to acceleration, there is only a step-size},
  author={Flammarion, Nicolas and Bach, Francis},
  booktitle={Conference on Learning Theory},
  pages={658--695},
  year={2015}
}

@article{zhu2018anisotropic,
  title={The anisotropic noise in stochastic gradient descent: Its behavior of escaping from minima and regularization effects},
  author={Zhu, Zhanxing and Wu, Jingfeng and Yu, Bing and Wu, Lei and Ma, Jinwen},
  journal={arXiv preprint arXiv:1803.00195},
  year={2018}
}

@article{yaida2018fluctuation,
  title={Fluctuation-dissipation relations for stochastic gradient descent},
  author={Yaida, Sho},
  journal={arXiv preprint arXiv:1810.00004},
  year={2018}
}


@article{thomas2019information,
  title={Information matrices and generalization},
  author={Thomas, Valentin and Pedregosa, Fabian and van Merri{\"e}nboer, Bart and Mangazol, Pierre-Antoine and Bengio, Yoshua and Roux, Nicolas Le},
  journal={arXiv preprint arXiv:1906.07774},
  year={2019}
}


@article{takeuchi1976distribution,
  title={The distribution of information statistics and the criterion of goodness of fit of models},
  author={Takeuchi, Kei},
  journal={Mathematical Science},
  volume={153},
  pages={12--18},
  year={1976}
}


@article{akaike1974new,
  title={A new look at the statistical model identification},
  author={Akaike, Hirotugu},
  journal={IEEE transactions on automatic control},
  volume={19},
  number={6},
  pages={716--723},
  year={1974},
  publisher={Ieee}
}



@inproceedings{kawaguchi2016deep,
  title={Deep learning without poor local minima},
  author={Kawaguchi, Kenji},
  booktitle={Advances in neural information processing systems},
  pages={586--594},
  year={2016}
}

@article{draxler2018essentially,
  title={Essentially no barriers in neural network energy landscape},
  author={Draxler, Felix and Veschgini, Kambis and Salmhofer, Manfred and Hamprecht, Fred A},
  journal={arXiv preprint arXiv:1803.00885},
  year={2018}
}


@article{alain2015variance,
  title={Variance reduction in sgd by distributed importance sampling},
  author={Alain, Guillaume and Lamb, Alex and Sankar, Chinnadhurai and Courville, Aaron and Bengio, Yoshua},
  journal={arXiv preprint arXiv:1511.06481},
  year={2015}
}

% control variates citation

@book{glasserman2013monte,
  title={Monte Carlo methods in financial engineering},
  author={Glasserman, Paul},
  volume={53},
  year={2013},
  publisher={Springer Science \& Business Media}
}


@article{kahn1951estimation,
  title={Estimation of particle transmission by random sampling},
  author={Kahn, Herman and Harris, Theodore E},
  journal={National Bureau of Standards applied mathematics series},
  volume={12},
  pages={27--30},
  year={1951}
}

@article{papini2018stochastic,
  title={Stochastic variance-reduced policy gradient},
  author={Papini, Matteo and Binaghi, Damiano and Canonaco, Giuseppe and Pirotta, Matteo and Restelli, Marcello},
  journal={arXiv preprint arXiv:1806.05618},
  year={2018}
}



@article{tucker2018mirage,
  title={The mirage of action-dependent baselines in reinforcement learning},
  author={Tucker, George and Bhupatiraju, Surya and Gu, Shixiang and Turner, Richard E and Ghahramani, Zoubin and Levine, Sergey},
  journal={arXiv preprint arXiv:1802.10031},
  year={2018}
}


@article{wu2018variance,
  title={Variance reduction for policy gradient with action-dependent factorized baselines},
  author={Wu, Cathy and Rajeswaran, Aravind and Duan, Yan and Kumar, Vikash and Bayen, Alexandre M and Kakade, Sham and Mordatch, Igor and Abbeel, Pieter},
  journal={arXiv preprint arXiv:1803.07246},
  year={2018}
}

@article{gu2016q,
  title={Q-prop: Sample-efficient policy gradient with an off-policy critic},
  author={Gu, Shixiang and Lillicrap, Timothy and Ghahramani, Zoubin and Turner, Richard E and Levine, Sergey},
  journal={arXiv preprint arXiv:1611.02247},
  year={2016}
}

@article{liu2017action,
  title={Action-depedent Control Variates for Policy Optimization via Stein's Identity},
  author={Liu, Hao and Feng, Yihao and Mao, Yi and Zhou, Dengyong and Peng, Jian and Liu, Qiang},
  journal={arXiv preprint arXiv:1710.11198},
  year={2017}
}


@inproceedings{jie2010connection,
  title={On a connection between importance sampling and the likelihood ratio policy gradient},
  author={Jie, Tang and Abbeel, Pieter},
  booktitle={Advances in Neural Information Processing Systems},
  pages={1000--1008},
  year={2010}
}


@article{liu2019off,
  title={Off-Policy Policy Gradient with State Distribution Correction},
  author={Liu, Yao and Swaminathan, Adith and Agarwal, Alekh and Brunskill, Emma},
  journal={arXiv preprint arXiv:1904.08473},
  year={2019}
}


@inproceedings{metelli2018policy,
  title={Policy optimization via importance sampling},
  author={Metelli, Alberto Maria and Papini, Matteo and Faccio, Francesco and Restelli, Marcello},
  booktitle={Advances in Neural Information Processing Systems},
  pages={5442--5454},
  year={2018}
}

@inproceedings{du2017stochastic,
  title={Stochastic variance reduction methods for policy evaluation},
  author={Du, Simon S and Chen, Jianshu and Li, Lihong and Xiao, Lin and Zhou, Dengyong},
  booktitle={Proceedings of the 34th International Conference on Machine Learning-Volume 70},
  pages={1049--1058},
  year={2017},
  organization={JMLR. org}
}



@article{nachum2019dualdice,
  title={DualDICE: Behavior-Agnostic Estimation of Discounted Stationary Distribution Corrections},
  author={Nachum, Ofir and Chow, Yinlam and Dai, Bo and Li, Lihong},
  journal={arXiv preprint arXiv:1906.04733},
  year={2019}
}

@article{wang2019dual,
  title={Dual Sequential Monte Carlo: Tunneling Filtering and Planning in Continuous POMDPs},
  author={Wang, Yunbo and Liu, Bo and Wu, Jiajun and Zhu, Yuke and Du, Simon S and Fei-Fei, Li and Tenenbaum, Joshua B},
  journal={arXiv preprint arXiv:1909.13003},
  year={2019}
}


@inproceedings{narayanaswamy2017learning,
  title={Learning disentangled representations with semi-supervised deep generative models},
  author={Narayanaswamy, Siddharth and Paige, T Brooks and Van de Meent, Jan-Willem and Desmaison, Alban and Goodman, Noah and Kohli, Pushmeet and Wood, Frank and Torr, Philip},
  booktitle={Advances in Neural Information Processing Systems},
  pages={5925--5935},
  year={2017}
}

@article{locatello2018challenging,
  title={Challenging common assumptions in the unsupervised learning of disentangled representations},
  author={Locatello, Francesco and Bauer, Stefan and Lucic, Mario and R{\"a}tsch, Gunnar and Gelly, Sylvain and Sch{\"o}lkopf, Bernhard and Bachem, Olivier},
  journal={arXiv preprint arXiv:1811.12359},
  year={2018}
}

@inproceedings{higgins2017darla,
  title={Darla: Improving zero-shot transfer in reinforcement learning},
  author={Higgins, Irina and Pal, Arka and Rusu, Andrei and Matthey, Loic and Burgess, Christopher and Pritzel, Alexander and Botvinick, Matthew and Blundell, Charles and Lerchner, Alexander},
  booktitle={Proceedings of the 34th International Conference on Machine Learning-Volume 70},
  pages={1480--1490},
  year={2017},
  organization={JMLR. org}
}

@article{higgins2017beta,
  title={beta-VAE: Learning Basic Visual Concepts with a Constrained Variational Framework.},
  author={Higgins, Irina and Matthey, Loic and Pal, Arka and Burgess, Christopher and Glorot, Xavier and Botvinick, Matthew and Mohamed, Shakir and Lerchner, Alexander},
  journal={ICLR},
  volume={2},
  number={5},
  pages={6},
  year={2017}
}


@inproceedings{mnih2016asynchronous,
  title={Asynchronous methods for deep reinforcement learning},
  author={Mnih, Volodymyr and Badia, Adria Puigdomenech and Mirza, Mehdi and Graves, Alex and Lillicrap, Timothy and Harley, Tim and Silver, David and Kavukcuoglu, Koray},
  booktitle={International conference on machine learning},
  pages={1928--1937},
  year={2016}
}


@article{hornik1989multilayer,
  title={Multilayer feedforward networks are universal approximators},
  author={Hornik, Kurt and Stinchcombe, Maxwell and White, Halbert},
  journal={Neural networks},
  year={1989},
  publisher={Elsevier}
}


@incollection{Bengio+chapter2007,
author = {Bengio, Yoshua and LeCun, Yann},
booktitle = {Large Scale Kernel Machines},
publisher = {MIT Press},
title = {Scaling Learning Algorithms Towards {AI}},
year = {2007}
}

@book{konishi2008information,
  title={Information criteria and statistical modeling},
  author={Konishi, Sadanori and Kitagawa, Genshiro},
  year={2008},
  publisher={Springer Science \& Business Media}
}

@article{Hinton06,
author = {Hinton, Geoffrey E. and Osindero, Simon and Teh, Yee Whye},
journal = {Neural Computation},
title = {A Fast Learning Algorithm for Deep Belief Nets},
volume = {18},
year = {2006}
}


@book{goodfellow2016deep,
title={Deep learning},
author={Goodfellow, Ian and Bengio, Yoshua and Courville, Aaron and Bengio, Yoshua},
volume={1},
year={2016},
publisher={MIT Press}
}

%=======

% hessian analysis
%==========

@article{sagun2016eigenvalues,
  title={Eigenvalues of the Hessian in Deep Learning: Singularity and Beyond},
  author={Sagun, Levent and Bottou, L{\'e}on and LeCun, Yann},
  journal={arXiv preprint arXiv:1611.07476},
  year={2016}
}

@article{jastrzkebski2018dnn,
  title={DNN's Sharpest Directions Along the SGD Trajectory},
  author={Jastrzebski, Stanislaw and Kenton, Zachary and Ballas, Nicolas and Fischer, Asja and Bengio, Yoshua and Storkey, Amos},
  journal={arXiv preprint arXiv:1807.05031},
  year={2018}
} % very interesting
% add recent paper
%==========


@article{masters2018revisiting,
  title={Revisiting Small Batch Training for Deep Neural Networks},
  author={Masters, Dominic and Luschi, Carlo},
  journal={arXiv preprint arXiv:1804.07612},
  year={2018}
}

% Generalization
%======

@article{zhang2016understanding,
  title={Understanding deep learning requires rethinking generalization},
  author={Zhang, Chiyuan and Bengio, Samy and Hardt, Moritz and Recht, Benjamin and Vinyals, Oriol},
  journal={arXiv preprint arXiv:1611.03530},
  year={2016}
}
% add neyshabur's stuff + recent paper with LeCun

@article{novak2018sensitivity,
  title={Sensitivity and Generalization in Neural Networks: an Empirical Study},
  author={Novak, Roman and Bahri, Yasaman and Abolafia, Daniel A and Pennington, Jeffrey and Sohl-Dickstein, Jascha},
  journal={International Conference on Learning Representations (ICLR)},
  year={2018}
} % Sensitivity and Tr(H^-1 C) ??????

@article{blierdescription,
  title={The Description Length of Deep Learning Models},
  author={Blier, L{\'e}onard and Ollivier, Yann},
  journal={Neural Information Processing Systems (NeurIPS)},
  year={2018}
}

@article{achille2017emergence,
  title={On the emergence of invariance and disentangling in deep representations},
  author={Achille, Alessandro and Soatto, Stefano},
  journal={arXiv preprint arXiv:1706.01350},
  year={2017}
}

@article{arpit2017closer,
  title={A closer look at memorization in deep networks},
  author={Arpit, Devansh and Jastrzebski, Stanislaw and Ballas, Nicolas and Krueger, David and Bengio, Emmanuel and Kanwal, Maxinder S and Maharaj, Tegan and Fischer, Asja and Courville, Aaron and Bengio, Yoshua and others},
  journal={arXiv preprint arXiv:1706.05394},
  year={2017}
}

@article{morcos2018importance,
  title={On the importance of single directions for generalization},
  author={Morcos, Ari S and Barrett, David GT and Rabinowitz, Neil C and Botvinick, Matthew},
  journal={International Conference on Learning Representations (ICLR)},
  year={2018}
}

@article{liang2017fisher,
  title={Fisher-rao metric, geometry, and complexity of neural networks},
  author={Liang, Tengyuan and Poggio, Tomaso and Rakhlin, Alexander and Stokes, James},
  journal={arXiv preprint arXiv:1711.01530},
  year={2017}
}
% Generalization: Flatness

@article{deledalle2014stein,
  title={Stein Unbiased GrAdient estimator of the Risk (SUGAR) for multiple parameter selection},
  author={Deledalle, Charles-Alban and Vaiter, Samuel and Fadili, Jalal and Peyr{\'e}, Gabriel},
  journal={SIAM Journal on Imaging Sciences},
  year={2014},
  publisher={SIAM}
}
%======

% Stochastic Optimization
%=====

@article{murata1998statistical,
  title={A statistical study of on-line learning},
  author={Murata, Noboru},
  journal={Online Learning and Neural Networks. Cambridge University Press, Cambridge, UK},
  pages={63--92},
  year={1998},
  publisher={Citeseer}
}

@inproceedings{bottou2008tradeoffs,
  title={The tradeoffs of large scale learning},
  author={Bottou, L{\'e}on and Bousquet, Olivier},
  booktitle={Advances in neural information processing systems},
  pages={161--168},
  year={2008}
} %cite mark schmid for fixed step size SGD
%=====

% Natural Gradient
% ========

@article{amari1998natural,
  title={Natural gradient works efficiently in learning},
  author={Amari, Shun-Ichi},
  journal={Neural computation},
  volume={10},
  number={2},
  pages={251--276},
  year={1998},
  publisher={MIT Press}
}

@article{martens2014new,
  title={New insights and perspectives on the natural gradient method},
  author={Martens, James},
  journal={arXiv preprint arXiv:1412.1193},
  year={2014}
}

@inproceedings{leroux2008topmoumoute,
  title={Topmoumoute online natural gradient algorithm},
  author={Le Roux, Nicolas and Manzagol, Pierre-Antoine and Bengio, Yoshua},
  booktitle={Advances in neural information processing systems},
  pages={849--856},
  year={2008}
}
% ========


% Regularization
%==========

@article{srivastava2014dropout,
  title={Dropout: A simple way to prevent neural networks from overfitting},
  author={Srivastava, Nitish and Hinton, Geoffrey and Krizhevsky, Alex and Sutskever, Ilya and Salakhutdinov, Ruslan},
  journal={The Journal of Machine Learning Research},
  volume={15},
  number={1},
  pages={1929--1958},
  year={2014},
  publisher={JMLR. org}
}


@article{ba2016layer,
  title={Layer normalization},
  author={Ba, Jimmy Lei and Kiros, Jamie Ryan and Hinton, Geoffrey E},
  journal={arXiv preprint arXiv:1607.06450},
  year={2016}
}

@article{dixon2018takeuchi,
  title={Takeuchi's Information Criteria as a form of Regularization},
  author={Dixon, Matthew Francis and Ward, Tyler},
  year={2018}
}
%=======



% Dynamics of SGD
%==========

@article{mandt2017stochastic,
  title={Stochastic gradient descent as approximate Bayesian inference},
  author={Mandt, Stephan and Hoffman, Matthew D and Blei, David M},
  journal={The Journal of Machine Learning Research},
  volume={18},
  number={1},
  pages={4873--4907},
  year={2017},
  publisher={JMLR. org}
}

@article{chaudhari2016entropy,
  title={Entropy-sgd: Biasing gradient descent into wide valleys},
  author={Chaudhari, Pratik and Choromanska, Anna and Soatto, Stefano and LeCun, Yann and Baldassi, Carlo and Borgs, Christian and Chayes, Jennifer and Sagun, Levent and Zecchina, Riccardo},
  journal={arXiv preprint arXiv:1611.01838},
  year={2016}
}

@article{chaudhari2017stochastic,
  title={Stochastic gradient descent performs variational inference, converges to limit cycles for deep networks},
  author={Chaudhari, Pratik and Soatto, Stefano},
  journal={arXiv preprint arXiv:1710.11029},
  year={2017}
}
% add Stan and Devansh's papers

@article{antognini2018pca,
  title={{PCA} of high dimensional random walks with comparison to neural network training},
  author={Antognini, Joseph M and Sohl-Dickstein, Jascha},
  journal={arXiv preprint arXiv:1806.08805},
  year={2018}
} % supports the Ornstein-Ulhenbeck hypothesis

@article{erdogdu2018global,
  title={Global Non-convex Optimization with Discretized Diffusions},
  author={Erdogdu, Murat A and Mackey, Lester and Shamir, Ohad},
  journal={arXiv preprint arXiv:1810.12361},
  year={2018}
}

@article{murata1994network,
  title={Network information criterion-determining the number of hidden units for an artificial neural network model},
  author={Murata, Noboru and Yoshizawa, Shuji and Amari, Shun-ichi},
  journal={IEEE Transactions on Neural Networks},
  volume={5},
  number={6},
  pages={865--872},
  year={1994},
  publisher={IEEE}
}

@inproceedings{beirami2017optimal,
  title={On optimal generalizability in parametric learning},
  author={Beirami, Ahmad and Razaviyayn, Meisam and Shahrampour, Shahin and Tarokh, Vahid},
  booktitle={Advances in Neural Information Processing Systems},
  pages={3455--3465},
  year={2017}
}

@article{wang2018approximate,
  title={Approximate leave-one-out for fast parameter tuning in high dimensions},
  author={Wang, Shuaiwen and Zhou, Wenda and Lu, Haihao and Maleki, Arian and Mirrokni, Vahab},
  journal={arXiv preprint arXiv:1807.02694},
  year={2018}
}
% add stuff about White's tests
%==========

@inproceedings{moody1992effective,
  title={The effective number of parameters: An analysis of generalization and regularization in nonlinear learning systems},
  author={Moody, John E},
  booktitle={Advances in neural information processing systems},
  pages={847--854},
  year={1992}
}

% Optimization landscape
%=======

@article{advani2017high,
  title={High-dimensional dynamics of generalization error in neural networks},
  author={Advani, Madhu S and Saxe, Andrew M},
  journal={arXiv preprint arXiv:1710.03667},
  year={2017}
}
%======


% Testing model specification
%======

@article{prokhorov2019generalized,
  title={Generalized information matrix tests for copulas},
  author={Prokhorov, Artem and Schepsmeier, Ulf and Zhu, Yajing},
  journal={Econometric Reviews},
  pages={1--31},
  year={2019},
  publisher={Taylor \& Francis}
}

@article{white1982maximum,
  title={Maximum likelihood estimation of misspecified models},
  author={White, Halbert},
  journal={Econometrica: Journal of the Econometric Society},
  pages={1--25},
  year={1982},
  publisher={JSTOR}
}

@article{hausman1978specification,
  title={Specification tests in econometrics},
  author={Hausman, Jerry A},
  journal={Econometrica: Journal of the econometric society},
  pages={1251--1271},
  year={1978},
  publisher={JSTOR}
}





@article{stone1974cross,
  title={Cross-validatory choice and assessment of statistical predictions},
  author={Stone, Mervyn},
  journal={Journal of the Royal Statistical Society: Series B (Methodological)},
  volume={36},
  number={2},
  pages={111--133},
  year={1974},
  publisher={Wiley Online Library}
}


@book{hastie2009elements,
  title={The elements of statistical learning: data mining, inference, and prediction},
  author={Trevor Hastie and Robert Tibshirani and Jerome Friedman},
  year={2009},
  publisher={New York, NY: Springer}
}


@incollection{efron1992bootstrap,
  title={Bootstrap methods: another look at the jackknife},
  author={Efron, Bradley},
  booktitle={Breakthroughs in statistics},
  pages={569--593},
  year={1992},
  publisher={Springer}
}


@article{schwarz1978estimating,
  title={Estimating the dimension of a model},
  author={Schwarz, Gideon and others},
  journal={The annals of statistics},
  volume={6},
  number={2},
  pages={461--464},
  year={1978},
  publisher={Institute of Mathematical Statistics}
}


@article{burnham2004multimodel,
  title={Multimodel inference: understanding AIC and BIC in model selection},
  author={Burnham, Kenneth P and Anderson, David R},
  journal={Sociological methods \& research},
  volume={33},
  number={2},
  pages={261--304},
  year={2004},
  publisher={Sage Publications Sage CA: Thousand Oaks, CA}
}


@article{neyshabur2017implicit,
  title={Implicit regularization in deep learning},
  author={Neyshabur, Behnam},
  journal={arXiv preprint arXiv:1709.01953},
  year={2017}
}


@inproceedings{george2018fast,
  title={Fast Approximate Natural Gradient Descent in a Kronecker Factored Eigenbasis},
  author={George, Thomas and Laurent, C{\'e}sar and Bouthillier, Xavier and Ballas, Nicolas and Vincent, Pascal},
  booktitle={Advances in Neural Information Processing Systems},
  pages={9550--9560},
  year={2018}
}


@inproceedings{neyshabur2017exploring,
  title={Exploring generalization in deep learning},
  author={Neyshabur, Behnam and Bhojanapalli, Srinadh and McAllester, David and Srebro, Nati},
  booktitle={Advances in Neural Information Processing Systems},
  pages={5947--5956},
  year={2017}
}


@article{duchi2011adaptive,
  title={Adaptive subgradient methods for online learning and stochastic optimization},
  author={Duchi, John and Hazan, Elad and Singer, Yoram},
  journal={Journal of Machine Learning Research},
  volume={12},
  number={Jul},
  pages={2121--2159},
  year={2011}
}


@article{leroux2011,
  title={Improving First and Second-Order Methods by Modeling Uncertainty},
  author={Le Roux, Nicolas and Bengio, Yoshua and Fitzgibbon, Andrew},
  journal={Optimization for Machine Learning},
  pages={403},
  year={2011},
  publisher={MIT Press}
}


@article{boue2019real,
  title={Real numbers, data science and chaos: How to fit any dataset with a single parameter},
  author={Bou{\'e}, Laurent},
  journal={arXiv preprint arXiv:1904.12320},
  year={2019}
}


@article{netzer2011reading,
  title={Reading digits in natural images with unsupervised feature learning},
  author={Netzer, Yuval and Wang, Tao and Coates, Adam and Bissacco, Alessandro and Wu, Bo and Ng, Andrew Y},
  journal={Neural Information Processing Systems (NeurIPS)},
  year={2011}
}


@article{rangamani2019scale,
  title={A Scale Invariant Flatness Measure for Deep Network Minima},
  author={Rangamani, Akshay and Nguyen, Nam H and Kumar, Abhishek and Phan, Dzung and Chin, Sang H and Tran, Trac D},
  journal={arXiv preprint arXiv:1902.02434},
  year={2019}
}


@incollection{heskes1993line,
  title={On-line learning processes in artificial neural networks},
  author={Heskes, Tom M and Kappen, Bert},
  booktitle={North-Holland Mathematical Library},
  volume={51},
  pages={199--233},
  year={1993},
  publisher={Elsevier}
}


@article{dinh2018reparametrization,
  title={Reparametrization in deep learning},
  author={Dinh, Laurent},
  journal={PhD thesis},
  year={2018}
}


@article{bousquet2002stability,
  title={Stability and generalization},
  author={Bousquet, Olivier and Elisseeff, Andr{\'e}},
  journal={Journal of machine learning research},
  volume={2},
  number={Mar},
  pages={499--526},
  year={2002}
}


@article{kunstner2019limitations,
  title={Limitations of the Empirical Fisher Approximation},
  author={Kunstner, Frederik and Balles, Lukas and Hennig, Philipp},
  journal={arXiv preprint arXiv:1905.12558},
  year={2019}
}


@article{vaswani2018fast,
	title={Fast and faster convergence of sgd for over-parameterized models and an accelerated perceptron},
	author={Vaswani, Sharan and Bach, Francis and Schmidt, Mark},
	journal={arXiv preprint arXiv:1810.07288},
	year={2018}
}


@article{robbins1951stochastic,
  title={A stochastic approximation method},
  author={Herbert Robbins and Sutton Monro},
  journal={Annals of Mathematical Statistics},
  volume=22,
  number=3,
  pages={400--407},
  year={1951}
}


@article{Shalev-Shwartz2013sdca,
 author = {Shalev-Shwartz, Shai and Zhang, Tong},
 title = {Stochastic Dual Coordinate Ascent Methods for Regularized Loss},
 journal = {Journal of Machine Learning Research},
 issue_date = {January 2013},
 volume = {14},
 number = {1},
 month = feb,
 year = {2013},
 issn = {1532-4435},
 pages = {567--599},
 numpages = {33}
}


@book{nocedal2006numerical,
  Address =      {New York},
  Author =       {Jorge Nocedal and Stephen J. Wright},
  Date-Modified ={2007-10-09 19:10:26 -0700},
  Edition =      {Second},
  Publisher =    {Springer},
  Title =        {Numerical Optimization},
  Year =         {2006}
}


@article{cauchy1847methode,
  title={M{\'e}thode g{\'e}n{\'e}rale pour la r{\'e}solution des syst{\`e}mes d'{\'e}quations simultan{\'e}es},
  author={Cauchy, Augustin Louis},
  journal={Comptes rendus des s{\'e}ances de l'Acad{\'e}mie des sciences de Paris},
  volume={25},
  pages={536--538},
  year={1847}
}


@inproceedings{johnson2013accelerating,
  title={Accelerating stochastic gradient descent using predictive variance reduction},
  author={Johnson, Rie and Zhang, Tong},
  booktitle={Advances in Neural Information Processing Systems},
  pages={315--323},
  year={2013}
}


@inproceedings{defazio2014saga,
  title={SAGA: A fast incremental gradient method with support for non-strongly convex composite objectives},
  author={Defazio, Aaron and Bach, Francis and Lacoste-Julien, Simon},
  booktitle={Advances in Neural Information Processing Systems},
  pages={1646--1654},
  year={2014}
}


@inproceedings{mairal2013optimization,
  title={Optimization with First-Order Surrogate Functions},
  author={Mairal, Julien},
  booktitle={Proceedings of The 30th International Conference on Machine Learning},
  pages={783--791},
  year={2013}
}


@article{mahajan2013,
Author = {Dhruv Mahajan and Nikunj Agrawal and S. Sathiya Keerthi and S. Sundararajan and Leon Bottou},
Title = {An efficient distributed learning algorithm based on effective local functional approximations},
Year = {2013},
journal   = {CoRR},
volume    = {abs:1310.8418},
url       = {http://arxiv.org/abs/1310.8418}
}


@inproceedings{dean2012large,
  title={Large scale distributed deep networks},
  author={Dean, Jeffrey and Corrado, Greg and Monga, Rajat and Chen, Kai and Devin, Matthieu and Mao, Mark and Senior, Andrew and Tucker, Paul and Yang, Ke and Le, Quoc V and others},
  booktitle={Advances in Neural Information Processing Systems},
  pages={1223--1231},
  year={2012}
}


@inproceedings{recht2011hogwild,
  title={Hogwild: A Lock-Free Approach to Parallelizing Stochastic Gradient Descent},
  author={Recht, Benjamin and Re, Christopher and Wright, Stephen and Niu, Feng},
  booktitle={Advances in Neural Information Processing Systems},
  pages={693--701},
  year={2011}
}


@inproceedings{babanezhad2015wasting,
  title={Stop Wasting My Gradients: Practical SVRG},
  author={Reza Babanezhad and Mohamed Osama Ahmed and Alim Virani and Mark Schmidt and Jakub Kone{\u c}n{\'y} and Scott Sallinen},
  booktitle={Advances in Neural Information Processing Systems},
  year={2015}
}


@inproceedings{sutton1999policy,
  title={Policy Gradient Methods for Reinforcement Learning with Function Approximation},
  author={Sutton, Richard S and McAllester, David A and Singh, Satinder P and Mansour, Yishay and others},
  booktitle={NIPS},
  volume={99},
  pages={1057--1063},
  year={1999}
}


@inproceedings{kakade2001natural,
  title={A Natural Policy Gradient},
  author={Kakade, Sham},
  booktitle={NIPS},
  volume={14},
  pages={1531--1538},
  year={2001}
}


@article{dudik2011doubly,
  title={Doubly robust policy evaluation and learning},
  author={Dud{\'\i}k, Miroslav and Langford, John and Li, Lihong},
  journal   = {CoRR},
  volume    = {abs:1103.4601},
  url       = {http://arxiv.org/abs/1103.4601},
  year={2011}
}


@article{Amari1998,
 author = {Amari, Shun-Ichi},
 title = {Natural Gradient Works Efficiently in Learning},
 journal = {Neural Computation},
 issue_date = {Feb. 15, 1998},
 volume = {10},
 number = {2},
 month = feb,
 year = {1998},
 pages = {251--276},
 numpages = {26},
 publisher = {MIT Press},
 address = {Cambridge, MA, USA},
}


@inproceedings{swaminathan2015self,
  title={The Self-Normalized Estimator for Counterfactual Learning},
  author={Swaminathan, Adith and Joachims, Thorsten},
  booktitle={Advances in Neural Information Processing Systems},
  pages={3213--3221},
  year={2015}
}


@article{swaminathan2015counterfactual,
  title={Counterfactual risk minimization: Learning from logged bandit feedback},
  author={Swaminathan, Adith and Joachims, Thorsten},
  year={2015},
  journal   = {CoRR},
  volume    = {abs:1502.02362},
  url       = {http://arxiv.org/abs/1502.02362}
}


@article{bottou2013counterfactual,
  title={Counterfactual reasoning and learning systems: The example of computational advertising},
  author={Bottou, L{\'e}on and Peters, Jonas and Quinonero-Candela, Joaquin and Charles, Denis X and Chickering, D Max and Portugaly, Elon and Ray, Dipankar and Simard, Patrice and Snelson, Ed},
  journal={Journal of Machine Learning Research},
  volume={14},
  number={1},
  pages={3207--3260},
  year={2013},
  publisher={JMLR. org}
}


@inproceedings{baxter2000direct,
  title={Direct gradient-based reinforcement learning},
  author={Baxter, Jonathan and Bartlett, Peter L},
  booktitle={Circuits and Systems, 2000. Proceedings. ISCAS 2000 Geneva. The 2000 IEEE International Symposium on},
  volume={3},
  pages={271--274},
  year={2000},
  organization={IEEE}
}


@article{baxter2001infinite,
  title={Infinite-horizon policy-gradient estimation},
  author={Baxter, Jonathan and Bartlett, Peter L.},
  journal={Journal of Artificial Intelligence Research},
  pages={319--350},
  year={2001}
}


@article{lecun2010mnist,
  title={MNIST handwritten digit database},
  author={LeCun, Yann and Cortes, Corinna},
  journal={AT\&T Labs [Online]. Available: http://yann. lecun. com/exdb/mnist},
  year={2010}
}


@inproceedings{peters2007reinforcement,
  title={Reinforcement learning by reward-weighted regression for operational space control},
  author={Peters, Jan and Schaal, Stefan},
  booktitle={Proceedings of the 24th international conference on Machine learning},
  pages={745--750},
  year={2007},
  organization={ACM}
}


@article{maurer2009empirical,
  title={Empirical Bernstein bounds and sample variance penalization},
  author={Maurer, Andreas and Pontil, Massimiliano},
  year={2009},
  journal   = {CoRR},
  volume    = {abs:0907.3740},
  url       = {http://arxiv.org/abs/0907.3740}

}


@article{peters2008natural,
  title={Natural actor-critic},
  author={Peters, Jan and Schaal, Stefan},
  journal={Neurocomputing},
  volume={71},
  number={7},
  pages={1180--1190},
  year={2008},
  publisher={Elsevier}
}


@article{kober2014learning,
  title={Learning motor skills: from algorithms to robot experiments},
  author={Kober, Jens},
  journal={it-Information Technology},
  volume={56},
  number={3},
  pages={141--146},
  year={2014}
}


@article{SchulmanHWA15,
  author    = {John Schulman and
               Nicolas Heess and
               Theophane Weber and
               Pieter Abbeel},
  title     = {Gradient Estimation Using Stochastic Computation Graphs},
  journal   = {CoRR},
  volume    = {abs/1506.05254},
  year      = {2015},
  url       = {http://arxiv.org/abs/1506.05254},
  timestamp = {Wed, 01 Jul 2015 15:10:24 +0200},
  biburl    = {http://dblp.uni-trier.de/rec/bib/journals/corr/SchulmanHWA15},
  bibsource = {dblp computer science bibliography, http://dblp.org}
}


@article{MnihKSGAWR13,
  author    = {Volodymyr Mnih and
               Koray Kavukcuoglu and
               David Silver and
               Alex Graves and
               Ioannis Antonoglou and
               Daan Wierstra and
               Martin A. Riedmiller},
  title     = {Playing Atari with Deep Reinforcement Learning},
  journal   = {CoRR},
  volume    = {abs/1312.5602},
  year      = {2013},
  url       = {http://arxiv.org/abs/1312.5602},
  timestamp = {Wed, 01 Apr 2015 20:06:15 +0200},
  biburl    = {http://dblp.uni-trier.de/rec/bib/journals/corr/MnihKSGAWR13},
  bibsource = {dblp computer science bibliography, http://dblp.org}
}


@article{Silver16,
title = {Mastering the game of Go with deep neural networks and tree search},
author  = {David Silver and others},
year  = 2016,
URL = {http://www.nature.com/nature/journal/v529/n7587/full/nature16961.html},
journal = {Nature},
pages = {484--503},
volume  = {529}
}


@article{SchulmanMLJA15,
  author    = {John Schulman and
               Philipp Moritz and
               Sergey Levine and
               Michael I. Jordan and
               Pieter Abbeel},
  title     = {High-Dimensional Continuous Control Using Generalized Advantage Estimation},
  journal   = {CoRR},
  volume    = {abs/1506.02438},
  year      = {2015},
  url       = {http://arxiv.org/abs/1506.02438},
  timestamp = {Wed, 01 Jul 2015 15:10:24 +0200},
  biburl    = {http://dblp.uni-trier.de/rec/bib/journals/corr/SchulmanMLJA15},
  bibsource = {dblp computer science bibliography, http://dblp.org}
}


@article{GuLSL16,
  author    = {Shixiang Gu and
               Timothy P. Lillicrap and
               Ilya Sutskever and
               Sergey Levine},
  title     = {Continuous Deep Q-Learning with Model-based Acceleration},
  journal   = {CoRR},
  volume    = {abs/1603.00748},
  year      = {2016},
  url       = {http://arxiv.org/abs/1603.00748},
  timestamp = {Sat, 02 Apr 2016 11:49:48 +0200},
  biburl    = {http://dblp.uni-trier.de/rec/bib/journals/corr/GuLSL16},
  bibsource = {dblp computer science bibliography, http://dblp.org}
}


@article{LillicrapHPHETS15,
  author    = {Timothy P. Lillicrap and
               Jonathan J. Hunt and
               Alexander Pritzel and
               Nicolas Heess and
               Tom Erez and
               Yuval Tassa and
               David Silver and
               Daan Wierstra},
  title     = {Continuous control with deep reinforcement learning},
  journal   = {CoRR},
  volume    = {abs/1509.02971},
  year      = {2015},
  url       = {http://arxiv.org/abs/1509.02971},
  timestamp = {Thu, 01 Oct 2015 14:28:48 +0200},
  biburl    = {http://dblp.uni-trier.de/rec/bib/journals/corr/LillicrapHPHETS15},
  bibsource = {dblp computer science bibliography, http://dblp.org}
}


@article{collobert2002parallel,
  title={A parallel mixture of SVMs for very large scale problems},
  author={Collobert, Ronan and Bengio, Samy and Bengio, Yoshua},
  journal={Neural computation},
  volume={14},
  number={5},
  pages={1105--1114},
  year={2002},
  publisher={MIT Press}
}


@article{bottou2011nonconvex,
  title={Nonconvex online support vector machines},
  author={Ertekin, \c{S}eyda and Bottou, L{\'e}on and Giles, C Lee},
  journal={Pattern Analysis and Machine Intelligence, IEEE Transactions on},
  volume={33},
  number={2},
  pages={368--381},
  year={2011},
  publisher={IEEE}
}


@inproceedings{xu2006robust,
  title={Robust support vector machine training via convex outlier ablation},
  author={Xu, Linli and Crammer, Koby and Schuurmans, Dale},
  booktitle={AAAI},
  volume={6},
  pages={536--542},
  year={2006}
}


@misc{bottou2015stakes,
  title = {Two high stakes challenges in machine learning},
  howpublished = {\url{http://videolectures.net/icml2015_bottou_machine_learning/}},
  year={2015},
  author = {L\'eon Bottou}
}


@article{ILSVRC15,
Author = {Olga Russakovsky and Jia Deng and Hao Su and Jonathan Krause and Sanjeev Satheesh and Sean Ma and Zhiheng Huang and Andrej Karpathy and Aditya Khosla and Michael Bernstein and Alexander C. Berg and Li Fei-Fei},
Title = {{ImageNet Large Scale Visual Recognition Challenge}},
Year = {2015},
journal   = {International Journal of Computer Vision (IJCV)},
doi = {10.1007/s11263-015-0816-y},
volume={115},
number={3},
pages={211-252}
}


@article{bach2006considering,
  title={Considering cost asymmetry in learning classifiers},
  author={Bach, Francis R and Heckerman, David and Horvitz, Eric},
  journal={The Journal of Machine Learning Research},
  volume={7},
  pages={1713--1741},
  year={2006},
  publisher={JMLR}
}


@inproceedings{collobert2006trading,
  title={Trading convexity for scalability},
  author={Collobert, Ronan and Sinz, Fabian and Weston, Jason and Bottou, L{\'e}on},
  booktitle={Proceedings of the 23rd international conference on Machine learning},
  pages={201--208},
  year={2006},
  organization={ACM}
}


@inproceedings{parambath2014optimizing,
  title={Optimizing F-measures by cost-sensitive classification},
  author={Parambath, Shameem Puthiya and Usunier, Nicolas and Grandvalet, Yves},
  booktitle={Advances in Neural Information Processing Systems},
  pages={2123--2131},
  year={2014}
}


@article{gasso2011batch,
  title={Batch and online learning algorithms for nonconvex Neyman-Pearson classification},
  author={Gasso, Gilles and Pappaioannou, Aristidis and Spivak, Marina and Bottou, L{\'e}on},
  journal={ACM Transactions on Intelligent Systems and Technology},
  volume={2},
  number={3},
  pages={28},
  year={2011},
  publisher={ACM}
}


@article{yuille2003concave,
  title={The concave-convex procedure},
  author={Yuille, Alan L and Rangarajan, Anand},
  journal={Neural computation},
  volume={15},
  number={4},
  pages={915--936},
  year={2003},
  publisher={MIT Press}
}


@inproceedings{mozer2001prodding,
  title={Prodding the ROC Curve: Constrained Optimization of Classifier Performance.},
  author={Mozer, Michael C and Dodier, Robert H and Colagrosso, Michael D and Guerra-Salcedo, C{\'e}sar and Wolniewicz, Richard H},
  booktitle={NIPS},
  pages={1409--1415},
  year={2001}
}


@article{peshkin2002learning,
  title={Learning from scarce experience},
  author={Peshkin, Leonid and Shelton, Christian R},
  journal   = {CoRR},
  volume    = {cs/0204043},
  year      = {2002},
  url       = {http://arxiv.org/abs/cs/0204043},
  year={2002}
}


@article{liu1989limited,
  title={On the limited memory BFGS method for large scale optimization},
  author={Liu, Dong C and Nocedal, Jorge},
  journal={Mathematical programming},
  volume={45},
  number={1-3},
  pages={503--528},
  year={1989},
  publisher={Springer}
}


@article{minka1998expectation,
  title={Expectation-Maximization as lower bound maximization},
  author={Minka, Thomas},
  url={http://www-white.media.mit.edu/tpminka/papers/em.html}
}


@inproceedings{neumann2011variational,
  title={Variational inference for policy search in changing situations},
  author={Neumann, Gerhard},
  booktitle={Proceedings of the 28th international conference on machine learning (ICML-11)},
  pages={817--824},
  year={2011}
}


@article{wainwright2008graphical,
  title={Graphical models, exponential families, and variational inference},
  author={Wainwright, Martin J and Jordan, Michael I},
  journal={Foundations and Trends{\textregistered} in Machine Learning},
  volume={1},
  number={1-2},
  pages={1--305},
  year={2008},
  publisher={Now Publishers Inc.}
}


@article{bartlett2008classification,
  title={Classification with a reject option using a hinge loss},
  author={Bartlett, Peter L and Wegkamp, Marten H},
  journal={Journal of Machine Learning Research},
  volume={9},
  number={Aug},
  pages={1823--1840},
  year={2008}
}


@article{bubeck2015convex,
  title={Convex optimization: Algorithms and complexity},
  author={Bubeck, S{\'e}bastien},
  journal={Foundations and Trends{\textregistered} in Machine Learning},
  volume={8},
  number={3-4},
  pages={231--357},
  year={2015},
  publisher={Now Publishers, Inc.}
}


@incollection{lecun2012efficient,
  title={Efficient backprop},
  author={LeCun, Yann A and Bottou, L{\'e}on and Orr, Genevieve B and M{\"u}ller, Klaus-Robert},
  booktitle={Neural networks: Tricks of the trade},
  pages={9--48},
  year={2012},
  publisher={Springer}
}


@article{goh2017why,
  author = {Goh, Gabriel},
  title = {Why Momentum Really Works},
  journal = {Distill},
  year = {2017},
  url = {http://distill.pub/2017/momentum},
  doi = {10.23915/distill.00006}
}


@article{offconvex,
  author = {Arora, Sanjeev and Hardt, Moritz and Vishnoi, Nisheeth},
  title = {Off the convex path},
  year = {2017},
  url = {http://www.offconvex.org}
}


@InProceedings{martens15kfac,
  title = 	 {Optimizing Neural Networks with Kronecker-factored Approximate Curvature},
  author = 	 {James Martens and Roger Grosse},
  booktitle = 	 {Proceedings of the 32nd International Conference on Machine Learning},
  pages = 	 {2408--2417},
  year = 	 {2015},
  editor = 	 {Francis Bach and David Blei},
  volume = 	 {37},
  series = 	 {Proceedings of Machine Learning Research},
  publisher = 	 {PMLR},
  pdf = 	 {http://proceedings.mlr.press/v37/martens15.pdf},
  url = 	 {http://proceedings.mlr.press/v37/martens15.html}
  }


@inproceedings{bach2013non,
  title={Non-strongly-convex smooth stochastic approximation with convergence rate O (1/n)},
  author={Bach, Francis and Moulines, Eric},
  booktitle={Advances in Neural Information Processing Systems},
  pages={773--781},
  year={2013}
}



@article{nocedal1980,
title = "Updating Quasi-Newton Matrices with Limited Storage",
author = "Jorge Nocedal",
year = "1980",
month = "7",
doi = "10.1090/S0025-5718-1980-0572855-7",
volume = "35",
pages = "773--782",
journal = "Mathematics of Computation",
}


@techreport{schmidt2014convergence,
  title={Convergence rate of stochastic gradient with constant step size},
  author={Schmidt, Mark},
  institution={UBC},
  year={2014}
}


@inproceedings{zhang2013linear,
  title={Linear convergence with condition number independent access of full gradients},
  author={Zhang, Lijun and Mahdavi, Mehrdad and Jin, Rong},
  booktitle={Advances in Neural Information Processing Systems},
  pages={980--988},
  year={2013}
}


@article{polyak1990new,
  title={New stochastic approximation type procedures},
  author={Polyak, Boris T},
  journal={Automat. i Telemekh},
  volume={7},
  number={98-107},
  pages={2},
  year={1990}
}


@techreport{ruppert1988efficient,
  title={Efficient estimations from a slowly convergent {Robbins-Monro} process},
  author={Ruppert, David},
  year={1988},
  institution={Cornell University Operations Research and Industrial Engineering}
}


@article{polyak1992acceleration,
  title={Acceleration of stochastic approximation by averaging},
  author={Polyak, Boris T and Juditsky, Anatoli B},
  journal={SIAM Journal on Control and Optimization},
  volume={30},
  number={4},
  pages={838--855},
  year={1992},
  publisher={SIAM}
}


@article{petersen2008matrix,
  title={The matrix cookbook},
  author={Petersen, Kaare Brandt and Pedersen, Michael Syskind and others},
  journal={Technical University of Denmark},
  volume={7},
  pages={15},
  year={2008}
}


@article{friedlander2012hybrid,
  title={Hybrid deterministic-stochastic methods for data fitting},
  author={Friedlander, Michael P and Schmidt, Mark},
  journal={SIAM Journal on Scientific Computing},
  volume={34},
  number={3},
  pages={A1380--A1405},
  year={2012},
  publisher={SIAM}
}


@article{hardt2015train,
  title={Train faster, generalize better: Stability of stochastic gradient descent},
  author={Hardt, Moritz and Recht, Benjamin and Singer, Yoram},
  journal={arXiv preprint arXiv:1509.01240},
  year={2015}
}


@inproceedings{sutskever2013importance,
  title={On the importance of initialization and momentum in deep learning},
  author={Sutskever, Ilya and Martens, James and Dahl, George and Hinton, Geoffrey},
  booktitle={International conference on machine learning},
  pages={1139--1147},
  year={2013}
}


@inproceedings{nesterov1983method,
  title={A method of solving a convex programming problem with convergence rate $O(1/k^2)$},
  author={Nesterov, Yurii},
  booktitle={Soviet Mathematics Doklady},
  volume={27-2},
  pages={372--376},
  year={1983}
}


@inproceedings{bengio2007greedy,
  title={Greedy layer-wise training of deep networks},
  author={Bengio, Yoshua and Lamblin, Pascal and Popovici, Dan and Larochelle, Hugo},
  booktitle={Advances in neural information processing systems},
  pages={153--160},
  year={2007}
}


@article{wilson2017marginal,
  title={The Marginal Value of Adaptive Gradient Methods in Machine Learning},
  author={Wilson, Ashia C and Roelofs, Rebecca and Stern, Mitchell and Srebro, Nathan and Recht, Benjamin},
  journal={arXiv preprint arXiv:1705.08292},
  year={2017}
}


@inproceedings{choromanska2015loss,
  title={The loss surfaces of multilayer networks},
  author={Choromanska, Anna and Henaff, Mikael and Mathieu, Michael and Arous, G{\'e}rard Ben and LeCun, Yann},
  booktitle={Artificial Intelligence and Statistics},
  pages={192--204},
  year={2015}
}


@inproceedings{dauphin2014identifying,
  title={Identifying and attacking the saddle point problem in high-dimensional non-convex optimization},
  author={Dauphin, Yann N and Pascanu, Razvan and Gulcehre, Caglar and Cho, Kyunghyun and Ganguli, Surya and Bengio, Yoshua},
  booktitle={Advances in neural information processing systems},
  pages={2933--2941},
  year={2014}
}


@inproceedings{bousquet2008tradeoffs,
  title={The tradeoffs of large scale learning},
  author={Bousquet, Olivier and Bottou, L{\'e}on},
  booktitle={Advances in neural information processing systems},
  pages={161--168},
  year={2008}
}


@incollection{lecun98efficient,
  title={Efficient backprop},
  author={LeCun, Yann A and Bottou, L{\'e}on and Orr, Genevieve B and M{\"u}ller, Klaus-Robert},
  booktitle={Neural networks: Tricks of the trade},
  year={1998},
  publisher={Springer}
}


@article{tieleman2012lecture,
  title={Lecture 6: Neural networks for Machine Learning},
  author={Tieleman, Tijmen and Hinton, Geoffrey},
  journal={COURSERA},
  url={http://www.cs.toronto.edu/~tijmen/csc321/slides/lecture_slides_lec6.pdf},
  year={2012}
}


@inproceedings{leen1994optimal,
  title={Optimal stochastic search and adaptive momentum},
  author={Leen, Todd K and Orr, Genevieve B},
  booktitle={Advances in neural information processing systems},
  pages={477--484},
  year={1994}
}


@article{mairal2015incremental,
  title={Incremental majorization-minimization optimization with application to large-scale machine learning},
  author={Mairal, Julien},
  journal={SIAM Journal on Optimization},
  volume={25},
  number={2},
  pages={829--855},
  year={2015},
  publisher={SIAM}
}


@article{zhang2017yellowfin,
  title={YellowFin and the Art of Momentum Tuning},
  author={Zhang, Jian and Mitliagkas, Ioannis and R{\'e}, Christopher},
  journal={arXiv preprint arXiv:1706.03471},
  year={2017}
}


@article{lan2012optimal,
  title={An optimal method for stochastic composite optimization},
  author={Lan, Guanghui},
  journal={Mathematical Programming},
  volume={133},
  number={1},
  pages={365--397},
  year={2012},
  publisher={Springer}
}


@article{li2017visualizing,
  title={Visualizing the Loss Landscape of Neural Nets},
  author={Li, Hao and Xu, Zheng and Taylor, Gavin and Goldstein, Tom},
  journal={arXiv preprint arXiv:1712.09913},
  year={2017}
}


@article{loizou2017momentum,
  title={Momentum and Stochastic Momentum for Stochastic Gradient, Newton, Proximal Point and Subspace Descent Methods},
  author={Loizou, Nicolas and Richt{\'a}rik, Peter},
  journal={arXiv preprint arXiv:1712.09677},
  year={2017}
}


@article{yang2016unified,
  title={Unified convergence analysis of stochastic momentum methods for convex and non-convex optimization},
  author={Yang, Tianbao and Lin, Qihang and Li, Zhe},
  journal={arXiv preprint arXiv:1604.03257},
  year={2016}
}


@article{moore2017high,
  title={High Dimensional Random Walks Can Appear Low Dimensional: Application to Influenza H3N2 Evolution},
  author={Moore, James and Ahmed, Hasan},
  journal={arXiv preprint arXiv:1707.09361},
  year={2017}
}


@inproceedings{martens2010deep,
  title={Deep learning via Hessian-free optimization.},
  author={Martens, James},
  booktitle={ICML},
  volume={27},
  pages={735--742},
  year={2010}
}


@inproceedings{hofmann2015variance,
  title={Variance reduced stochastic gradient descent with neighbors},
  author={Hofmann, Thomas and Lucchi, Aurelien and Lacoste-Julien, Simon and McWilliams, Brian},
  booktitle={Advances in Neural Information Processing Systems},
  pages={2305--2313},
  year={2015}
}



@article{wu2018wngrad,
  title={WNGrad: Learn the Learning Rate in Gradient Descent},
  author={Wu, Xiaoxia and Ward, Rachel and Bottou, L{\'e}on},
  journal={arXiv preprint arXiv:1803.02865},
  year={2018}
}


@article{nemirovski2009robust,
  title={Robust stochastic approximation approach to stochastic programming},
  author={Nemirovski, Arkadi and Juditsky, Anatoli and Lan, Guanghui and Shapiro, Alexander},
  journal={SIAM Journal on optimization},
  volume={19},
  number={4},
  pages={1574--1609},
  year={2009},
  publisher={SIAM}
}


@article{dieuleveut2017harder,
  title={Harder, better, faster, stronger convergence rates for least-squares regression},
  author={Dieuleveut, Aymeric and Flammarion, Nicolas and Bach, Francis},
  journal={The Journal of Machine Learning Research},
  volume={18},
  number={1},
  pages={3520--3570},
  year={2017},
  publisher={JMLR. org}
}


@article{dieuleveut2017bridging,
  title={Bridging the Gap between Constant Step Size Stochastic Gradient Descent and Markov Chains},
  author={Dieuleveut, Aymeric and Durmus, Alain and Bach, Francis},
  journal={arXiv preprint arXiv:1707.06386},
  year={2017}
}


@article{lacoste2012simpler,
  title={A simpler approach to obtaining an O (1/t) convergence rate for the projected stochastic subgradient method},
  author={Lacoste-Julien, Simon and Schmidt, Mark and Bach, Francis},
  journal={arXiv preprint arXiv:1212.2002},
  year={2012}
}


@article{kidambi2018insufficiency,
  title={On the insufficiency of existing momentum schemes for Stochastic Optimization},
  author={Kidambi, Rahul and Netrapalli, Praneeth and Jain, Prateek and Kakade, Sham M},
  journal={arXiv preprint arXiv:1803.05591},
  year={2018}
}


@article{smith2017don,
  title={Don't Decay the Learning Rate, Increase the Batch Size},
  author={Smith, Samuel L and Kindermans, Pieter-Jan and Le, Quoc V},
  journal={arXiv preprint arXiv:1711.00489},
  year={2017}
}


@article{gower2017tracking,
  title={Tracking the gradients using the Hessian: A new look at variance reducing stochastic methods},
  author={Gower, Robert M and Roux, Nicolas Le and Bach, Francis},
  journal={arXiv preprint arXiv:1710.07462},
  year={2017}
}


@article{wai2017curvature,
  title={Curvature-aided Incremental Aggregated Gradient Method},
  author={Wai, Hoi-To and Shi, Wei and Nedic, Angelia and Scaglione, Anna},
  journal={arXiv preprint arXiv:1710.08936},
  year={2017}
}


@article{polyak1964some,
  title={Some methods of speeding up the convergence of iteration methods},
  author={Polyak, Boris T},
  journal={USSR Computational Mathematics and Mathematical Physics},
  volume={4},
  number={5},
  pages={1--17},
  year={1964},
  publisher={Elsevier}
}


@article{jain2017accelerating,
  title={Accelerating Stochastic Gradient Descent},
  author={Jain, Prateek and Kakade, Sham M and Kidambi, Rahul and Netrapalli, Praneeth and Sidford, Aaron},
  journal={arXiv preprint arXiv:1704.08227},
  year={2017}
}


@article{o2015adaptive,
  title={Adaptive restart for accelerated gradient schemes},
  author={O’{D}onoghue, Brendan and Candes, Emmanuel},
  journal={Foundations of computational mathematics},
  volume={15},
  number={3},
  pages={715--732},
  year={2015},
  publisher={Springer}
}


@article{DBLP:journals/corr/HeZRS15,
  author    = {Kaiming He and
               Xiangyu Zhang and
               Shaoqing Ren and
               Jian Sun},
  title     = {Deep Residual Learning for Image Recognition},
  journal   = {CoRR},
  volume    = {abs/1512.03385},
  year      = {2015},
  url       = {http://arxiv.org/abs/1512.03385},
  archivePrefix = {arXiv},
  eprint    = {1512.03385},
  timestamp = {Wed, 07 Jun 2017 14:41:17 +0200},
  biburl    = {https://dblp.org/rec/bib/journals/corr/HeZRS15},
  bibsource = {dblp computer science bibliography, https://dblp.org}
}


@article{TfResnet,
  author    = {The TensorFlow Authors},
  year      = {2018},
  url       = {https://github.com/tensorflow/tpu/tree/master/models/official/resnet},
}


@inproceedings{zenke2017continual,
  title={Continual learning through synaptic intelligence},
  author={Zenke, Friedemann and Poole, Ben and Ganguli, Surya},
  booktitle={International Conference on Machine Learning},
  pages={3987--3995},
  year={2017}
}


@inproceedings{lopez2017gradient,
  title={Gradient Episodic Memory for Continual Learning},
  author={Lopez-Paz, David and Ranzato, Marc' Aurelio},
  booktitle={Advances in Neural Information Processing Systems},
  pages={6470--6479},
  year={2017}
}


@inproceedings{gotovos2013active,
  title={Active learning for level set estimation},
  author={Gotovos, Alkis and Casati, Nathalie and Hitz, Gregory and Krause, Andreas},
  booktitle={IJCAI},
  pages={1344--1350},
  year={2013}
}


@article{datar2002maintaining,
	title={Maintaining stream statistics over sliding windows},
	author={Datar, Mayur and Gionis, Aristides and Indyk, Piotr and Motwani, Rajeev},
	journal={SIAM journal on computing},
	volume={31},
	number={6},
	pages={1794--1813},
	year={2002},
	publisher={SIAM}
}


@article{jain2018parallelizing,
	title={Parallelizing Stochastic Gradient Descent for Least Squares Regression: Mini-batching, Averaging, and Model Misspecification},
	author={Jain, Prateek and Kakade, Sham M and Kidambi, Rahul and Netrapalli, Praneeth and Sidford, Aaron},
	journal={Journal of Machine Learning Research},
	volume={18},
	number={223},
	pages={1--42},
	year={2018}
}


@article{jain2016parallelizing,
	title={Parallelizing Stochastic Approximation Through Mini-Batching and Tail-Averaging},
	author={Jain, Prateek and Kakade, Sham M and Kidambi, Rahul and Netrapalli, Praneeth and Sidford, Aaron},
	journal={arXiv preprint arXiv:1610.03774},
	year={2016}
}


@article{hazan2014beyond,
	title={Beyond the regret minimization barrier: optimal algorithms for stochastic strongly-convex optimization},
	author={Hazan, Elad and Kale, Satyen},
	journal={The Journal of Machine Learning Research},
	volume={15},
	number={1},
	pages={2489--2512},
	year={2014},
	publisher={JMLR. org}
}


@article{zhang2019fast,
  title={Fast Convergence of Natural Gradient Descent for Overparameterized Neural Networks},
  author={Zhang, Guodong and Martens, James and Grosse, Roger},
  journal={arXiv preprint arXiv:1905.10961},
  year={2019}
}


@article{littwin2019convex,
  title={On the Convex Behavior of Deep Neural Networks in Relation to the Layers' Width},
  author={Littwin, Etai and Wolf, Lior},
  year={2019}
}


@article{defazio2018ineffectiveness,
  title={On the Ineffectiveness of Variance Reduced Optimization for Deep Learning},
  author={Defazio, Aaron and Bottou, L{\'e}on},
  journal={arXiv preprint arXiv:1812.04529},
  year={2018}
}


@article{bouchard2015online,
  title={Online learning to sample},
  author={Bouchard, Guillaume and Trouillon, Th{\'e}o and Perez, Julien and Gaidon, Adrien},
  journal={arXiv preprint arXiv:1506.09016},
  year={2015}
}


@article{duchi2018learning,
  title={Learning Models with Uniform Performance via Distributionally Robust Optimization},
  author={Duchi, John and Namkoong, Hongseok},
  journal={arXiv preprint arXiv:1810.08750},
  year={2018}
}


@article{jastrzebski2018relation,
  title={On the Relation Between the Sharpest Directions of DNN Loss and the SGD Step Length},
  author={Jastrzebski, Stanislaw and Kenton, Zachary and Ballas, Nicolas and Fischer, Asja and Bengio, Yoshua and Storkey, Amos},
  journal={arXiv preprint arXiv:1807.05031},
  year={2018}
}


@article{ghorbani2019investigation,
  title={An investigation into neural net optimization via hessian eigenvalue density},
  author={Ghorbani, Behrooz and Krishnan, Shankar and Xiao, Ying},
  journal={arXiv preprint arXiv:1901.10159},
  year={2019}
}


@article{wen2019interplay,
  title={Interplay between optimization and generalization of stochastic gradient descent with covariance noise},
  author={Wen, Yeming and Luk, Kevin and Gazeau, Maxime and Zhang, Guodong and Chan, Harris and Ba, Jimmy},
  journal={arXiv preprint arXiv:1902.08234},
  year={2019}
}


@article{nachum2016improving,
  title={Improving policy gradient by exploring under-appreciated rewards},
  author={Nachum, Ofir and Norouzi, Mohammad and Schuurmans, Dale},
  journal={arXiv preprint arXiv:1611.09321},
  year={2016}
}


@inproceedings{norouzi2016reward,
  title={Reward augmented maximum likelihood for neural structured prediction},
  author={Norouzi, Mohammad and Bengio, Samy and Jaitly, Navdeep and Schuster, Mike and Wu, Yonghui and Schuurmans, Dale and others},
  booktitle={Advances In Neural Information Processing Systems},
  pages={1723--1731},
  year={2016}
}


@article{rakhlin2011making,
  title={Making gradient descent optimal for strongly convex stochastic optimization},
  author={Rakhlin, Alexander and Shamir, Ohad and Sridharan, Karthik},
  journal={arXiv preprint arXiv:1109.5647},
  year={2011}
}


@article{dieuleveut2016nonparametric,
  title={Nonparametric stochastic approximation with large step-sizes},
  author={Dieuleveut, Aymeric and Bach, Francis and others},
  journal={The Annals of Statistics},
  volume={44},
  number={4},
  pages={1363--1399},
  year={2016},
  publisher={Institute of Mathematical Statistics}
}


@inproceedings{nachum17bridging,
  author    = {Ofir Nachum and
               Mohammad Norouzi and
               Kelvin Xu and
               Dale Schuurmans},
  title     = {Bridging the Gap Between Value and Policy Based Reinforcement Learning},
  booktitle={Advances in Neural Information Processing Systems},
  pages     = {2775--2785},
  year      = {2017}
}


@inproceedings{munos16retrace,
  author    = {R{\'{e}}mi Munos and
               Tom Stepleton and
               Anna Harutyunyan and
               Marc G. Bellemare},
  title     = {Safe and Efficient Off-Policy Reinforcement Learning},
  booktitle = {Advances in Neural Information Processing Systems},
  pages     = {1046--1054},
  year      = {2016}
}


@article{vanHasselt2018deadly_triad,
  author    = {Hado van Hasselt and Yotam Doron and Florian Strub and Matteo Hessel and Nicolas Sonnerat and Joseph Modayil},
  title     = {Deep Reinforcement Learning and the Deadly Triad},
  journal   = {CoRR},
  volume    = {abs/1812.02648},
  year      = {2018}
}


@Book{sutton18book,
  author    = {Richard S. Sutton and Andrew G. Barto},
  title     = {{Reinforcement Learning: An Introduction}},
  edition   = 2,
  publisher = {MIT Press},
  year      = {2018}
}


@article{schulman17equivalence,
  author    = {John Schulman and Pieter Abbeel and Xi Chen},
  title     = {Equivalence Between Policy Gradients and Soft Q-Learning},
  journal   = {CoRR},
  volume    = {abs/1704.06440},
  year      = {2017}
}


@article{Sutton1999BetweenMA,
  title={Between MDPs and Semi-MDPs: A Framework for Temporal Abstraction in Reinforcement Learning},
  author={Richard S. Sutton and Doina Precup and Satinder P. Singh},
  journal={Artif. Intell.},
  year={1999},
  volume={112},
  pages={181-211}
}


@InProceedings{ahmed19a,
  title = 	 {Understanding the Impact of Entropy on Policy Optimization},
  author = 	 {Ahmed, Zafarali and Le Roux, Nicolas and Norouzi, Mohammad and Schuurmans, Dale},
  booktitle = 	 {Proceedings of the 36th International Conference on Machine Learning},
  pages = 	 {151--160},
  year = 	 {2019},
  editor = 	 {Chaudhuri, Kamalika and Salakhutdinov, Ruslan},
  volume = 	 {97},
  series = 	 {Proceedings of Machine Learning Research},
  address = 	 {Long Beach, California, USA},
  publisher = 	 {PMLR},
  pdf = 	 {http://proceedings.mlr.press/v97/ahmed19a/ahmed19a.pdf},
  url = 	 {http://proceedings.mlr.press/v97/ahmed19a.html},
  abstract = 	 {Entropy regularization is commonly used to improve policy optimization in reinforcement learning. It is believed to help with exploration by encouraging the selection of more stochastic policies. In this work, we analyze this claim using new visualizations of the optimization landscape based on randomly perturbing the loss function. We first show that even with access to the exact gradient, policy optimization is difficult due to the geometry of the objective function. We then qualitatively show that in some environments, a policy with higher entropy can make the optimization landscape smoother, thereby connecting local optima and enabling the use of larger learning rates. This paper presents new tools for understanding the optimization landscape, shows that policy entropy serves as a regularizer, and highlights the challenge of designing general-purpose policy optimization algorithms.}
}


@article{schaul2019ray,
  title={Ray Interference: a Source of Plateaus in Deep Reinforcement Learning},
  author={Schaul, Tom and Borsa, Diana and Modayil, Joseph and Pascanu, Razvan},
  journal={arXiv preprint arXiv:1904.11455},
  year={2019}
}


@article{leroux2016efficient,
  title={Efficient iterative policy optimization},
  author={Le Roux, Nicolas},
  journal={arXiv preprint arXiv:1612.08967},
  year={2016}
}

@inproceedings{roux2012stochastic,
  title={A stochastic gradient method with an exponential convergence rate for finite training sets},
  author={{Le Roux}, Nicolas and Schmidt, Mark and Bach, Francis R},
  booktitle={Advances in neural information processing systems},
  pages={2663--2671},
  year={2012}
}


@article{schmidt2017minimizing,
  title={Minimizing finite sums with the stochastic average gradient},
  author={Schmidt, Mark and Le Roux, Nicolas and Bach, Francis},
  journal={Mathematical Programming},
  volume={162},
  number={1-2},
  pages={83--112},
  year={2017},
  publisher={Springer}
}


@article{wei2019noise,
  title={How noise affects the Hessian spectrum in overparameterized neural networks},
  author={Wei, Mingwei and Schwab, David J},
  journal={arXiv preprint arXiv:1910.00195},
  year={2019}
}


@techreport{minka2005divergence,
  title={Divergence measures and message passing},
  author={Minka, Tom and others},
  year={2005},
  institution={Technical report, Microsoft Research}
}


@article{bhandari2019global,
  title={Global optimality guarantees for policy gradient methods},
  author={Bhandari, Jalaj and Russo, Daniel},
  journal={arXiv preprint arXiv:1906.01786},
  year={2019}
}

@article{agarwal2019optimality,
  title={Optimality and approximation with policy gradient methods in markov decision processes},
  author={Agarwal, Alekh and Kakade, Sham M and Lee, Jason D and Mahajan, Gaurav},
  journal={arXiv preprint arXiv:1908.00261},
  year={2019}
}

@article{Puterman_Brumelle,
 author = {Puterman, Martin L. and Brumelle, Shelby L.},
 title = {On the Convergence of Policy Iteration in Stationary Dynamic Programming},
 journal = {Math. Oper. Res.},
 issue_date = {February 1979},
 volume = {4},
 number = {1},
 month = feb,
 year = {1979},
 issn = {0364-765X},
 pages = {60--69},
 numpages = {10},
 url = {http://dx.doi.org/10.1287/moor.4.1.60},
 doi = {10.1287/moor.4.1.60},
 acmid = {2778787},
 publisher = {INFORMS},
 address = {Institute for Operations Research and the Management Sciences (INFORMS), Linthicum, Maryland, USA},
 keywords = {Newton's method, dynamic programming, policy iteration, rate of convergence},
} 



@article{global_optimality_pgs,
  author    = {Jalaj Bhandari and
               Daniel Russo},
  title     = {Global Optimality Guarantees For Policy Gradient Methods},
  journal   = {CoRR},
  volume    = {abs/1906.01786},
  year      = {2019},
  url       = {http://arxiv.org/abs/1906.01786},
  archivePrefix = {arXiv},
  eprint    = {1906.01786},
  timestamp = {Thu, 13 Jun 2019 13:36:00 +0200},
  biburl    = {https://dblp.org/rec/bib/journals/corr/abs-1906-01786},
  bibsource = {dblp computer science bibliography, https://dblp.org}
}



@article{optimality_pgs,
  author    = {Alekh Agarwal and
               Sham M. Kakade and
               Jason D. Lee and
               Gaurav Mahajan},
  title     = {Optimality and Approximation with Policy Gradient Methods in Markov
               Decision Processes},
  journal   = {CoRR},
  volume    = {abs/1908.00261},
  year      = {2019},
  url       = {http://arxiv.org/abs/1908.00261},
  archivePrefix = {arXiv},
  eprint    = {1908.00261},
  timestamp = {Fri, 09 Aug 2019 12:15:56 +0200},
  biburl    = {https://dblp.org/rec/bib/journals/corr/abs-1908-00261},
  bibsource = {dblp computer science bibliography, https://dblp.org}
}


@book{kushner2003stochastic,
  title={Stochastic approximation and recursive algorithms and applications},
  author={Kushner, Harold and Yin, G George},
  volume={35},
  year={2003},
  publisher={Springer Science \& Business Media}
}


@book{borkar2009stochastic,
  title={Stochastic Approximation: A Dynamical Systems Viewpoint},
  author={Borkar, V.S.},
  isbn={9788185931852},
  lccn={2009285122},
  series={Texts and Readings in Mathematics},
  url={https://books.google.ca/books?id=avOFtgAACAAJ},
  year={2009},
  publisher={Hindustan Book Agency}
}


@inproceedings{hanna2017data,
  title={Data-efficient policy evaluation through behavior policy search},
  author={Hanna, Josiah P and Thomas, Philip S and Stone, Peter and Niekum, Scott},
  booktitle={Proceedings of the 34th International Conference on Machine Learning-Volume 70},
  pages={1394--1403},
  year={2017},
  organization={JMLR. org}
}


@article{hanna2018importance,
  title={Importance sampling policy evaluation with an estimated behavior policy},
  author={Hanna, Josiah P and Niekum, Scott and Stone, Peter},
  journal={arXiv preprint arXiv:1806.01347},
  year={2018}
}

@Book{bellman1957,
  author = {Richard Bellman},
  title = {Dynamic Programming},
  publisher = {Princeton University Press},
  year = {1957},
  address = {Princeton, NJ, USA}
}


@article{nguyen2018sgd,
  title={SGD and Hogwild! convergence without the bounded gradients assumption},
  author={Nguyen, Lam M and Nguyen, Phuong Ha and van Dijk, Marten and Richt{\'a}rik, Peter and Scheinberg, Katya and Tak{\'a}{\v{c}}, Martin},
  journal={arXiv preprint arXiv:1802.03801},
  year={2018}
}


@inproceedings{johnson2018training,
  title={Training deep models faster with robust, approximate importance sampling},
  author={Johnson, Tyler B and Guestrin, Carlos},
  booktitle={Advances in Neural Information Processing Systems},
  pages={7265--7275},
  year={2018}
}


@article{hazan2016introduction,
  title={Introduction to online convex optimization},
  author={Hazan, Elad and others},
  journal={Foundations and Trends{\textregistered} in Optimization},
  volume={2},
  number={3-4},
  pages={157--325},
  year={2016},
  publisher={Now Publishers, Inc.}
}


@article{lorek2018conditional,
  title={Conditional gambler's ruin problem with arbitrary winning and losing probabilities with applications},
  author={Lorek, Pawe{\l} and Markowski, Piotr},
  journal={arXiv preprint arXiv:1812.00687},
  year={2018}
}

@article{lorek2017generalized,
  title={Generalized gambler’s ruin problem: explicit formulas via Siegmund duality},
  author={Lorek, Pawe{\l}},
  journal={Methodology and Computing in Applied Probability},
  volume={19},
  number={2},
  pages={603--613},
  year={2017},
  publisher={Springer}
}


@book{Puterman1994,
author = {Martin L. Puterman},
title = {Markov Decision Processes: Discrete Stochastic Dynamic Programming},
year = {1994},
publisher = {John Wiley \& Sons, Inc.},
address = {USA}
}


@article{mohan1955gambler,
  title={The gambler's ruin problem with correlation},
  author={Mohan, C},
  journal={Biometrika},
  volume={42},
  number={3/4},
  pages={486--493},
  year={1955},
  publisher={JSTOR}
}


@article{coolidge1909gambler,
  title={The gambler's ruin},
  author={Coolidge, Julian Lowell},
  journal={The Annals of Mathematics},
  volume={10},
  number={4},
  pages={181--192},
  year={1909},
  publisher={JSTOR}
}


@article{hardy2006introduction,
  title={An introduction to risk measures for actuarial applications},
  author={Hardy, Mary R},
  year={2006}
}


@article{canjar2000gambler,
  title={Gambler’s ruin revisited: The effects of skew and large jackpots},
  author={Canjar, R Michael}
}

@article{papini2019smoothing,
  title={Smoothing Policies and Safe Policy Gradients},
  author={Papini, Matteo and Pirotta, Matteo and Restelli, Marcello},
  journal={arXiv preprint arXiv:1905.03231},
  year={2019}
}


@inproceedings{kakade2002approximately,
  title={Approximately optimal approximate reinforcement learning},
  author={Kakade, Sham and Langford, John},
  booktitle={ICML},
  volume={2},
  pages={267--274},
  year={2002}
}


@misc{ciosek2019better,
    title={Better Exploration with Optimistic Actor-Critic},
    author={Kamil Ciosek and Quan Vuong and Robert Loftin and Katja Hofmann},
    year={2019},
    eprint={1910.12807},
    archivePrefix={arXiv},
    primaryClass={stat.ML}
}



@article{peters2008reinforcement,
  title={Reinforcement learning of motor skills with policy gradients},
  author={Peters, Jan and Schaal, Stefan},
  journal={Neural networks},
  volume={21},
  number={4},
  pages={682--697},
  year={2008},
  publisher={Elsevier}
}


@article{schulman2015high,
  title={High-dimensional continuous control using generalized advantage estimation},
  author={Schulman, John and Moritz, Philipp and Levine, Sergey and Jordan, Michael and Abbeel, Pieter},
  journal={arXiv preprint arXiv:1506.02438},
  year={2015}
}









% Convergence



@inproceedings{glynn1987likelihood,
  title={Likelilood ratio gradient estimation: an overview},
  author={Glynn, Peter W},
  booktitle={Proceedings of the 19th conference on Winter simulation},
  pages={366--375},
  year={1987}
}


@article{grondman2012survey,
  title={A survey of actor-critic reinforcement learning: Standard and natural policy gradients},
  author={Grondman, Ivo and Busoniu, Lucian and Lopes, Gabriel AD and Babuska, Robert},
  journal={IEEE Transactions on Systems, Man, and Cybernetics, Part C (Applications and Reviews)},
  volume={42},
  number={6},
  pages={1291--1307},
  year={2012},
  publisher={IEEE}
}


@inproceedings{konda2000actor,
  title={Actor-critic algorithms},
  author={Konda, Vijay R and Tsitsiklis, John N},
  booktitle={Advances in neural information processing systems},
  pages={1008--1014},
  year={2000}
}


@inproceedings{peters2003reinforcement,
  title={Reinforcement learning for humanoid robotics},
  author={Peters, Jan and Vijayakumar, Sethu and Schaal, Stefan}
}


@inproceedings{pirotta2013adaptive,
  title={Adaptive step-size for policy gradient methods},
  author={Pirotta, Matteo and Restelli, Marcello and Bascetta, Luca},
  booktitle={Advances in Neural Information Processing Systems},
  pages={1394--1402},
  year={2013}
}


@article{pirotta2015policy,
  title={Policy gradient in lipschitz markov decision processes},
  author={Pirotta, Matteo and Restelli, Marcello and Bascetta, Luca},
  journal={Machine Learning},
  volume={100},
  number={2-3},
  pages={255--283},
  year={2015},
  publisher={Springer}
}


@inproceedings{shen2019hessian,
  title={Hessian aided policy gradient},
  author={Shen, Zebang and Ribeiro, Alejandro and Hassani, Hamed and Qian, Hui and Mi, Chao},
  booktitle={International Conference on Machine Learning},
  pages={5729--5738},
  year={2019}
}


@article{thathachar1995learning,
  title={Learning the global maximum with parameterized learning automata},
  author={Thathachar, MAL and Phansalkar, Vijay V},
  journal={IEEE Transactions on Neural Networks},
  volume={6},
  number={2},
  pages={398--406},
  year={1995},
  publisher={IEEE}
}

@article{wang2019neural,
  title={Neural policy gradient methods: Global optimality and rates of convergence},
  author={Wang, Lingxiao and Cai, Qi and Yang, Zhuoran and Wang, Zhaoran},
  journal={arXiv preprint arXiv:1909.01150},
  year={2019}
}


@article{bottou2018optimization,
  title={Optimization methods for large-scale machine learning},
  author={Bottou, L{\'e}on and Curtis, Frank E and Nocedal, Jorge},
  journal={Siam Review},
  volume={60},
  number={2},
  pages={223--311},
  year={2018},
  publisher={SIAM}
}


@article{fazel2018global,
  title={Global convergence of policy gradient methods for the linear quadratic regulator},
  author={Fazel, Maryam and Ge, Rong and Kakade, Sham M and Mesbahi, Mehran},
  journal={arXiv preprint arXiv:1801.05039},
  year={2018}
}


@inproceedings{kakade2002natural,
  title={A natural policy gradient},
  author={Kakade, Sham M},
  booktitle={Advances in neural information processing systems},
  pages={1531--1538},
  year={2002}
}


@article{ahmed2018understanding,
  title={Understanding the impact of entropy on policy optimization},
  author={Ahmed, Zafarali and Roux, Nicolas Le and Norouzi, Mohammad and Schuurmans, Dale},
  journal={arXiv preprint arXiv:1811.11214},
  year={2018}
}


@article{williams1991function,
  title={Function optimization using connectionist reinforcement learning algorithms},
  author={Williams, Ronald J and Peng, Jing},
  journal={Connection Science},
  volume={3},
  number={3},
  pages={241--268},
  year={1991},
  publisher={Taylor \& Francis}
}


@article{schulman2017proximal,
  title={Proximal policy optimization algorithms},
  author={Schulman, John and Wolski, Filip and Dhariwal, Prafulla and Radford, Alec and Klimov, Oleg},
  journal={arXiv preprint arXiv:1707.06347},
  year={2017}
}




@inproceedings{seldin2012evaluation,
  title={Evaluation and Analysis of the Performance of the EXP3 Algorithm in Stochastic Environments.},
  author={Seldin, Yevgeny and Szepesv{\'a}ri, Csaba and Auer, Peter and Abbasi-Yadkori, Yasin},
  booktitle={EWRL},
  pages={103--116},
  year={2012}
}


@article{auer2002nonstochastic,
  title={The nonstochastic multiarmed bandit problem},
  author={Auer, Peter and Cesa-Bianchi, Nicolo and Freund, Yoav and Schapire, Robert E},
  journal={SIAM journal on computing},
  volume={32},
  number={1},
  pages={48--77},
  year={2002},
  publisher={SIAM}
}


@article{weaver2013optimal,
  title={The optimal reward baseline for gradient-based reinforcement learning},
  author={Weaver, Lex and Tao, Nigel},
  journal={arXiv preprint arXiv:1301.2315},
  year={2013}
}


@article{ke2019imitation,
  title={Imitation Learning as $ f $-Divergence Minimization},
  author={Ke, Liyiming and Barnes, Matt and Sun, Wen and Lee, Gilwoo and Choudhury, Sanjiban and Srinivasa, Siddhartha},
  journal={arXiv preprint arXiv:1905.12888},
  year={2019}
}


@article{abdolmaleki2018relative,
  title={Relative entropy regularized policy iteration},
  author={Abdolmaleki, Abbas and Springenberg, Jost Tobias and Degrave, Jonas and Bohez, Steven and Tassa, Yuval and Belov, Dan and Heess, Nicolas and Riedmiller, Martin},
  journal={arXiv preprint arXiv:1812.02256},
  year={2018}
}


@article{nachum2017trust,
  title={Trust-{PCL}: An off-policy trust region method for continuous control},
  author={Nachum, Ofir and Norouzi, Mohammad and Xu, Kelvin and Schuurmans, Dale},
  journal={arXiv preprint arXiv:1707.01891},
  year={2017}
}


@article{bhatnagar2009natural,
  title={Natural actor--critic algorithms},
  author={Bhatnagar, Shalabh and Sutton, Richard S and Ghavamzadeh, Mohammad and Lee, Mark},
  journal={Automatica},
  volume={45},
  number={11},
  pages={2471--2482},
  year={2009},
  publisher={Elsevier}
}


@article{silver2016mastering,
  title={Mastering the game of Go with deep neural networks and tree search},
  author={Silver, David and Huang, Aja and Maddison, Chris J and Guez, Arthur and Sifre, Laurent and Van Den Driessche, George and Schrittwieser, Julian and Antonoglou, Ioannis and Panneershelvam, Veda and Lanctot, Marc and others},
  journal={Nature},
  volume={529},
  number={7587},
  pages={484},
  year={2016},
  publisher={Nature Publishing Group}
}


@book{liu2008monte,
  title={Monte Carlo strategies in scientific computing},
  author={Liu, Jun S},
  year={2008},
  publisher={Springer Science \& Business Media}
}


@article{de2005tutorial,
  title={A tutorial on the cross-entropy method},
  author={De Boer, Pieter-Tjerk and Kroese, Dirk P and Mannor, Shie and Rubinstein, Reuven Y},
  journal={Annals of operations research},
  volume={134},
  number={1},
  pages={19--67},
  year={2005},
  publisher={Springer}
}


@book{deisenroth2013survey,
  title={A survey on policy search for robotics},
  author={Deisenroth, Marc Peter and Neumann, Gerhard and Peters, Jan},
  year={2013},
  publisher={now publishers}
}


@article{vinyals2019grandmaster,
  title={Grandmaster level in StarCraft II using multi-agent reinforcement learning},
  author={Vinyals, Oriol and Babuschkin, Igor and Czarnecki, Wojciech M and Mathieu, Micha{\"e}l and Dudzik, Andrew and Chung, Junyoung and Choi, David H and Powell, Richard and Ewalds, Timo and Georgiev, Petko and others},
  journal={Nature},
  volume={575},
  number={7782},
  pages={350--354},
  year={2019},
  publisher={Nature Publishing Group}
}


@inproceedings{scherrer2014local,
  title={Local policy search in a convex space and conservative policy iteration as boosted policy search},
  author={Scherrer, Bruno and Geist, Matthieu},
  booktitle={Joint European Conference on Machine Learning and Knowledge Discovery in Databases},
  pages={35--50},
  year={2014},
  organization={Springer}
}


@inproceedings{cheng2020trajectory,
  title={Trajectory-wise control variates for variance reduction in policy gradient methods},
  author={Cheng, Ching-An and Yan, Xinyan and Boots, Byron},
  booktitle={Conference on Robot Learning},
  pages={1379--1394},
  year={2020}
}

@article{ilyas2018closer,
  title={A Closer Look at Deep Policy Gradients},
  author={Ilyas, Andrew and Engstrom, Logan and Santurkar, Shibani and Tsipras, Dimitris and Janoos, Firdaus and Rudolph, Larry and Madry, Aleksander},
  journal={arXiv preprint arXiv:1811.02553},
  year={2018}
}

@inproceedings{wang2013variance,
  title={Variance reduction for stochastic gradient optimization},
  author={Wang, Chong and Chen, Xi and Smola, Alexander J and Xing, Eric P},
  booktitle={Advances in Neural Information Processing Systems},
  pages={181--189},
  year={2013}
}

@inproceedings{reddi2015variance,
  title={On variance reduction in stochastic gradient descent and its asynchronous variants},
  author={Reddi, Sashank J and Hefny, Ahmed and Sra, Suvrit and Poczos, Barnabas and Smola, Alexander J},
  booktitle={Advances in neural information processing systems},
  pages={2647--2655},
  year={2015}
}


@article{pythonternary,
  title={python-ternary: Ternary Plots in Python},
  author={Harper, Marc and Weinstein, Bryan},
  journal={Zenodo 10.5281/zenodo.594435},
  doi={10.5281/zenodo.594435},
  url={https://github.com/marcharper/python-ternary},
  year={2015}
}


@article{schmidt2013minimizing,
  title={Minimizing Finite Sums with the Stochastic Average Gradient},
  author={Schmidt, Mark and Roux, Nicolas Le and Bach, Francis},
  journal={arXiv preprint arXiv:1309.2388},
  year={2013}
}

@article{cai2019provably,
  title={Provably efficient exploration in policy optimization},
  author={Cai, Qi and Yang, Zhuoran and Jin, Chi and Wang, Zhaoran},
  journal={arXiv preprint arXiv:1912.05830},
  year={2019}
}

@article{efroni2020optimistic,
  title={Optimistic Policy Optimization with Bandit Feedback},
  author={Efroni, Yonathan and Shani, Lior and Rosenberg, Aviv and Mannor, Shie},
  journal={arXiv preprint arXiv:2002.08243},
  year={2020}
}

@article{agarwal2020pc,
  title={PC-PG: Policy Cover Directed Exploration for Provable Policy Gradient Learning},
  author={Agarwal, Alekh and Henaff, Mikael and Kakade, Sham and Sun, Wen},
  journal={arXiv preprint arXiv:2007.08459},
  year={2020}
}


@inproceedings{leroux2012stochastic,
  title={A stochastic gradient method with an exponential convergence rate for finite training sets},
  author={Le Roux, Nicolas and Schmidt, Mark and Bach, Francis},
  booktitle={NIPS},
  pages={2663--2671},
  year={2012}
}

@inproceedings{hennes2020neural,
  title={Neural Replicator Dynamics: Multiagent Learning via Hedging Policy Gradients},
  author={Hennes, Daniel and Morrill, Dustin and Omidshafiei, Shayegan and Munos, R{\'e}mi and Perolat, Julien and Lanctot, Marc and Gruslys, Audrunas and Lespiau, Jean-Baptiste and Parmas, Paavo and Du{\'e}{\~n}ez-Guzm{\'a}n, Edgar and others},
  booktitle={Proceedings of the 19th International Conference on Autonomous Agents and MultiAgent Systems},
  pages={492--501},
  year={2020}
}

@article{parmas2019unified,
  title={A unified view of likelihood ratio and reparameterization gradients and an optimal importance sampling scheme},
  author={Parmas, Paavo and Sugiyama, Masashi},
  journal={arXiv preprint arXiv:1910.06419},
  year={2019}
}


@inproceedings{mei2020global,
  title={On the global convergence rates of softmax policy gradient methods},
  author={Mei, Jincheng and Xiao, Chenjun and Szepesvari, Csaba and Schuurmans, Dale},
  booktitle={International Conference on Machine Learning},
  pages={6820--6829},
  year={2020},
  organization={PMLR}
}

@article{mei2020escaping,
  title={Escaping the Gravitational Pull of Softmax},
  author={Mei, Jincheng and Xiao, Chenjun and Dai, Bo and Li, Lihong and Szepesv{\'a}ri, Csaba and Schuurmans, Dale},
  journal={Advances in Neural Information Processing Systems},
  volume={33},
  year={2020}
}

@article{xu2019sample,
  title={Sample efficient policy gradient methods with recursive variance reduction},
  author={Xu, Pan and Gao, Felicia and Gu, Quanquan},
  journal={arXiv preprint arXiv:1909.08610},
  year={2019}
}


@misc{chung2020variance,
      title={Beyond variance reduction: Understanding the true impact of baselines on policy optimization}, 
      author={Wesley Chung and Valentin Thomas and Marlos C. Machado and Nicolas Le Roux},
      year={2020},
      eprint={2008.13773},
      archivePrefix={arXiv},
      primaryClass={cs.LG}
}


@article{robbins1952some,
  title={Some aspects of the sequential design of experiments},
  author={Robbins, Herbert},
  journal={Bulletin of the American Mathematical Society},
  volume={58},
  number={5},
  pages={527--535},
  year={1952},
  publisher={Citeseer}
}


@article{bubeck2012regret,
  title={Regret analysis of stochastic and nonstochastic multi-armed bandit problems},
  author={Bubeck, S{\'e}bastien and Cesa-Bianchi, Nicolo},
  journal={arXiv preprint arXiv:1204.5721},
  year={2012}
}


@article{russo2017tutorial,
  title={A tutorial on thompson sampling},
  author={Russo, Daniel and Van Roy, Benjamin and Kazerouni, Abbas and Osband, Ian and Wen, Zheng},
  journal={arXiv preprint arXiv:1707.02038},
  year={2017}
}


@inproceedings{seldin2013evaluation,
  title={Evaluation and analysis of the performance of the EXP3 algorithm in stochastic environments},
  author={Seldin, Yevgeny and Szepesv{\'a}ri, Csaba and Auer, Peter and Abbasi-Yadkori, Yasin},
  booktitle={European Workshop on Reinforcement Learning},
  pages={103--116},
  year={2013},
  organization={PMLR}
}


@misc{bubeck_exp3,
    title = {Five miracles of mirror descent, lecture 2},
    year = {2019},
    organization = {HDPA 2019 Summer School},
    author = {S\'ebastien Bubeck},
    url = {https://www.youtube.com/watch?v=uylS0FiuCK4},
}

@book{lattimore_szepesvari_2020, place={Cambridge}, title={Bandit Algorithms}, DOI={10.1017/9781108571401}, publisher={Cambridge University Press}, author={Lattimore, Tor and Szepesvári, Csaba}, year={2020}}

@article{neu2015explore,
  title={Explore no more: Improved high-probability regret bounds for non-stochastic bandits},
  author={Neu, Gergely},
  journal={arXiv preprint arXiv:1506.03271},
  year={2015}
}

@inproceedings{bubeck2009pure,
  title={Pure exploration in multi-armed bandits problems},
  author={Bubeck, S{\'e}bastien and Munos, R{\'e}mi and Stoltz, Gilles},
  booktitle={International conference on Algorithmic learning theory},
  pages={23--37},
  year={2009},
  organization={Springer}
}

@inproceedings{asadi2017alternative,
  title={An alternative softmax operator for reinforcement learning},
  author={Asadi, Kavosh and Littman, Michael L},
  booktitle={International Conference on Machine Learning},
  pages={243--252},
  year={2017},
  organization={PMLR}
}


@article{strouse2021learning,
  title={Learning more skills through optimistic exploration},
  author={Strouse, DJ and Baumli, Kate and Warde-Farley, David and Mnih, Vlad and Hansen, Steven},
  journal={arXiv preprint arXiv:2107.14226},
  year={2021}
}


@article{mei2021understanding,
  title={Understanding the effect of stochasticity in policy optimization},
  author={Mei, Jincheng and Dai, Bo and Xiao, Chenjun and Szepesvari, Csaba and Schuurmans, Dale},
  journal={Advances in Neural Information Processing Systems},
  volume={34},
  pages={19339--19351},
  year={2021}
}


@misc{
naganuma2022takeuchis,
title={Takeuchi's Information Criteria as Generalization Measures for {DNN}s Close to {NTK} Regime},
author={Hiroki Naganuma and Taiji Suzuki and Rio Yokota and Masahiro Nomura and Kohta Ishikawa and Ikuro Sato},
year={2022},
url={https://openreview.net/forum?id=FH_mZOKFX-b}
}


@article{schneider2021cockpit,
  title={Cockpit: A Practical Debugging Tool for the Training of Deep Neural Networks},
  author={Schneider, Frank and Dangel, Felix and Hennig, Philipp},
  journal={Advances in Neural Information Processing Systems},
  volume={34},
  pages={20825--20837},
  year={2021}
}

@inproceedings{rame2022fishr,
  title={Fishr: Invariant gradient variances for out-of-distribution generalization},
  author={Rame, Alexandre and Dancette, Corentin and Cord, Matthieu},
  booktitle={International Conference on Machine Learning},
  pages={18347--18377},
  year={2022},
  organization={PMLR}
}




@article{chowdhery2022palm,
  title={Palm: Scaling language modeling with pathways},
  author={Chowdhery, Aakanksha and Narang, Sharan and Devlin, Jacob and Bosma, Maarten and Mishra, Gaurav and Roberts, Adam and Barham, Paul and Chung, Hyung Won and Sutton, Charles and Gehrmann, Sebastian and others},
  journal={arXiv preprint arXiv:2204.02311},
  year={2022}
}


@inproceedings{tradeoffs2007bottou,
  author    = {Bottou, L\'{e}on and Bousquet, Olivier},
  booktitle = {Advances in Neural Information Processing Systems},
  editor    = {J. Platt and D. Koller and Y. Singer and S. Roweis},
  publisher = {Curran Associates, Inc.},
  title     = {The Tradeoffs of Large Scale Learning},
  url       = {https://proceedings.neurips.cc/paper/2007/file/0d3180d672e08b4c5312dcdafdf6ef36-Paper.pdf},
  volume    = {20},
  year      = {2007}
}


@article{switch2022fedus,
  author  = {William Fedus and Barret Zoph and Noam Shazeer},
  title   = {Switch Transformers: Scaling to Trillion Parameter Models with Simple and Efficient Sparsity},
  journal = {Journal of Machine Learning Research},
  year    = {2022},
  volume  = {23},
  number  = {120},
  pages   = {1-39},
  url     = {http://jmlr.org/papers/v23/21-0998.html}
}


@article{rumelhart1986learning,
  author  = {David E. Rumelhart and Geoffrey E. Hinton and Ronald J. Williams},
  title   = {Learning representations by back-propagating errors},
  journal = {Nature},
  year    = {1986},
  doi     = {10.1038/323533a0},
  url     = {https://doi.org/10.1038/323533a0}
}


@article{atkeson1997locally,
  title={Locally weighted learning},
  author={Atkeson, Christopher G and Moore, Andrew W and Schaal, Stefan},
  journal={Lazy learning},
  pages={11--73},
  year={1997},
  publisher={Springer}
}


@incollection{baird1995residual,
  title={Residual algorithms: Reinforcement learning with function approximation},
  author={Baird, Leemon},
  booktitle={Machine Learning Proceedings 1995},
  pages={30--37},
  year={1995},
  publisher={Elsevier}
}



@article{nota2019policy,
  title     = {Is the Policy Gradient a Gradient?},
  author    = {Chris Nota and P. Thomas},
  journal   = {Adaptive Agents And Multi-agent Systems},
  year      = {2019},
  bibSource = {Semantic Scholar https://www.semanticscholar.org/paper/e6205ffac8263576e3530b6452374d3e80f46230}
}


@book{belousov2021reinforcement,
  title={Reinforcement learning algorithms: analysis and applications},
  author={Belousov, Boris and Abdulsamad, Hany and Klink, Pascal and Parisi, Simone and Peters, Jan},
  year={2021},
  publisher={Springer}
}


@inproceedings{byravan22eval,
  author    = {Arunkumar Byravan and Leonard Hasenclever and Piotr Trochim and Mehdi Mirza and Alessandro Davide Ialongo and Yuval Tassa and Jost Tobias Springenberg and Abbas Abdolmaleki and Nicolas Heess and Josh Merel and Martin A. Riedmiller},
  title     = {Evaluating Model-Based Planning and Planner Amortization for Continuous Control},
  booktitle = {The Tenth International Conference on Learning Representations, {ICLR} 2022, Virtual Event, April 25-29, 2022},
  publisher = {OpenReview.net},
  year      = {2022},
  url       = {https://openreview.net/forum?id=SS8F6tFX3-},
  timestamp = {Sat, 20 Aug 2022 01:15:42 +0200},
  biburl    = {https://dblp.org/rec/conf/iclr/ByravanHTMITSAH22.bib},
  bibsource = {dblp computer science bibliography, https://dblp.org}
}


@article{lioutas2022critic,
  title={Critic Sequential Monte Carlo},
  author={Lioutas, Vasileios and Lavington, Jonathan Wilder and Sefas, Justice and Niedoba, Matthew and Liu, Yunpeng and Zwartsenberg, Berend and Dabiri, Setareh and Wood, Frank and Scibior, Adam},
  journal={arXiv preprint arXiv:2205.15460},
  year={2022}
}
